<?xml version="1.0" encoding="UTF-8"?>
<!DOCTYPE html PUBLIC "-//W3C//DTD XHTML 1.0 Transitional//EN"
    "http://www.w3.org/TR/xhtml1/DTD/xhtml1-transitional.dtd">
<html xmlns="http://www.w3.org/1999/xhtml" xml:lang="en" lang="en">
 <head>
  <title>
</title>
<meta http-equiv="Content-Type" content="text/html;charset=utf-8" />
  <meta name='ocr-system' content='tesseract 3.04.00' />
  <meta name='ocr-capabilities' content='ocr_page ocr_carea ocr_par ocr_line ocrx_word'/>
</head>
<body>
  <div class='ocr_page' id='page_1' title='image "./analectahymnica42drevuoft_0203.png"; bbox 0 0 1654 2756; ppageno 0'>
   <div class='ocr_carea' id='block_1_1' title="bbox 717 155 979 191">
    <p class='ocr_par' dir='ltr' id='par_1_1' title="bbox 717 155 979 191">
     <span class='ocr_line' id='line_1_1' title="bbox 717 155 979 191; baseline 0.004 -11"><span class='ocrx_word' id='word_1_1' title='bbox 717 155 979 191; x_wconf 75' lang='lat'><strong>-200-</strong></span> 
     </span>
    </p>
   </div>
   <div class='ocr_carea' id='block_1_2' title="bbox 187 254 764 393">
    <p class='ocr_par' dir='ltr' id='par_1_2' title="bbox 187 254 764 393">
     <span class='ocr_line' id='line_1_2' title="bbox 187 254 712 297; baseline -0.002 -9"><span class='ocrx_word' id='word_1_2' title='bbox 187 256 247 288; x_wconf 84' lang='lat' dir='ltr'>2a.</span> <span class='ocrx_word' id='word_1_3' title='bbox 283 256 414 288; x_wconf 84' lang='lat' dir='ltr'>Transit</span> <span class='ocrx_word' id='word_1_4' title='bbox 439 256 528 296; x_wconf 84' lang='lat' dir='ltr'>rigor</span> <span class='ocrx_word' id='word_1_5' title='bbox 552 254 712 297; x_wconf 85' lang='lat' dir='ltr'>hiemalis,</span> 
     </span>
     <span class='ocr_line' id='line_1_3' title="bbox 285 302 764 337; baseline -0.004 0"><span class='ocrx_word' id='word_1_6' title='bbox 285 304 395 337; x_wconf 84' lang='lat' dir='ltr'>Novus</span> <span class='ocrx_word' id='word_1_7' title='bbox 421 302 513 336; x_wconf 80' lang='lat' dir='ltr'>floret</span> <span class='ocrx_word' id='word_1_8' title='bbox 539 302 597 335; x_wconf 91' lang='lat' dir='ltr'>flos</span> <span class='ocrx_word' id='word_1_9' title='bbox 623 302 764 336; x_wconf 83' lang='lat' dir='ltr'>vernalis</span> 
     </span>
     <span class='ocr_line' id='line_1_4' title="bbox 334 351 717 393; baseline -0.005 -8"><span class='ocrx_word' id='word_1_10' title='bbox 334 354 372 385; x_wconf 91' lang='lat' dir='ltr'>In</span> <span class='ocrx_word' id='word_1_11' title='bbox 397 352 533 385; x_wconf 86' lang='lat' dir='ltr'>salutem</span> <span class='ocrx_word' id='word_1_12' title='bbox 559 351 717 393; x_wconf 82' lang='lat' dir='ltr'>gentium3</span> 
     </span>
    </p>
   </div>
   <div class='ocr_carea' id='block_1_3' title="bbox 185 429 782 567">
    <p class='ocr_par' dir='ltr' id='par_1_3' title="bbox 185 429 782 567">
     <span class='ocr_line' id='line_1_5' title="bbox 185 429 782 470; baseline -0.002 -9"><span class='ocrx_word' id='word_1_13' title='bbox 185 432 244 464; x_wconf 76' lang='lat'>33..</span> <span class='ocrx_word' id='word_1_14' title='bbox 280 430 363 462; x_wconf 92' lang='lat' dir='ltr'>Dum</span> <span class='ocrx_word' id='word_1_15' title='bbox 390 438 517 470; x_wconf 85' lang='lat' dir='ltr'>pagana</span> <span class='ocrx_word' id='word_1_16' title='bbox 542 438 619 469; x_wconf 85' lang='lat' dir='ltr'>gens</span> <span class='ocrx_word' id='word_1_17' title='bbox 645 429 782 461; x_wconf 78' lang='lat' dir='ltr'>honorat</span> 
     </span>
     <span class='ocr_line' id='line_1_6' title="bbox 281 477 761 519; baseline -0.004 -9"><span class='ocrx_word' id='word_1_18' title='bbox 281 478 378 517; x_wconf 82' lang='lat' dir='ltr'>Deos,</span> <span class='ocrx_word' id='word_1_19' title='bbox 406 477 507 510; x_wconf 86' lang='lat' dir='ltr'>Deum</span> <span class='ocrx_word' id='word_1_20' title='bbox 533 477 664 519; x_wconf 84' lang='lat' dir='ltr'>praesul</span> <span class='ocrx_word' id='word_1_21' title='bbox 689 480 761 509; x_wconf 87' lang='lat' dir='ltr'>orat</span> 
     </span>
     <span class='ocr_line' id='line_1_7' title="bbox 332 526 733 567; baseline 0 -8"><span class='ocrx_word' id='word_1_22' title='bbox 332 527 464 567; x_wconf 82' lang='lat' dir='ltr'>Signum</span> <span class='ocrx_word' id='word_1_23' title='bbox 492 526 563 558; x_wconf 89' lang='lat' dir='ltr'>dari</span> <span class='ocrx_word' id='word_1_24' title='bbox 589 526 733 559; x_wconf 81' lang='lat' dir='ltr'>caelitus,</span> 
     </span>
    </p>
   </div>
   <div class='ocr_carea' id='block_1_4' title="bbox 184 603 818 645">
    <p class='ocr_par' dir='ltr' id='par_1_4' title="bbox 184 603 818 645">
     <span class='ocr_line' id='line_1_8' title="bbox 184 603 818 645; baseline -0.003 -9"><span class='ocrx_word' id='word_1_25' title='bbox 184 606 244 636; x_wconf 71' lang='lat'>4³.</span> <span class='ocrx_word' id='word_1_26' title='bbox 278 604 397 636; x_wconf 87' lang='lat' dir='ltr'>Hostes</span> <span class='ocrx_word' id='word_1_27' title='bbox 429 603 544 634; x_wconf 82' lang='lat' dir='ltr'><strong>sternit</strong></span> <span class='ocrx_word' id='word_1_28' title='bbox 570 604 619 634; x_wconf 66' lang='lat' dir='ltr'>xis</span> <span class='ocrx_word' id='word_1_29' title='bbox 645 603 818 645; x_wconf 81' lang='lat' dir='ltr'>Samsonis‚</span> 
     </span>
    </p>
   </div>
   <div class='ocr_carea' id='block_1_5' title="bbox 280 651 761 740">
    <p class='ocr_par' dir='ltr' id='par_1_5' title="bbox 280 651 761 740">
     <span class='ocr_line' id='line_1_9' title="bbox 280 651 732 692; baseline 0.004 -9"><span class='ocrx_word' id='word_1_30' title='bbox 280 652 420 692; x_wconf 84' lang='lat' dir='ltr'><strong>Lampas</strong></span> <span class='ocrx_word' id='word_1_31' title='bbox 446 651 531 682; x_wconf 90' lang='lat' dir='ltr'>lucet</span> <span class='ocrx_word' id='word_1_32' title='bbox 559 651 732 685; x_wconf 82' lang='lat' dir='ltr'>GedeoniS.</span> 
     </span>
     <span class='ocr_line' id='line_1_10' title="bbox 327 700 761 740; baseline -0.005 -8"><span class='ocrx_word' id='word_1_33' title='bbox 327 700 410 732; x_wconf 86' lang='lat' dir='ltr'>Dum</span> <span class='ocrx_word' id='word_1_34' title='bbox 438 700 567 740; x_wconf 83' lang='lat' dir='ltr'>praesul</span> <span class='ocrx_word' id='word_1_35' title='bbox 593 700 761 731; x_wconf 90' lang='lat' dir='ltr'>occiditur.</span> 
     </span>
    </p>
   </div>
   <div class='ocr_carea' id='block_1_6' title="bbox 182 777 758 816">
    <p class='ocr_par' dir='ltr' id='par_1_6' title="bbox 182 777 758 816">
     <span class='ocr_line' id='line_1_11' title="bbox 182 777 758 816; baseline -0.002 -8"><span class='ocrx_word' id='word_1_36' title='bbox 182 779 244 808; x_wconf 85' lang='lat' dir='ltr'>5a.</span> <span class='ocrx_word' id='word_1_37' title='bbox 282 777 348 809; x_wconf 87' lang='lat' dir='ltr'>Nos</span> <span class='ocrx_word' id='word_1_38' title='bbox 373 781 521 816; x_wconf 86' lang='lat' dir='ltr'>aegrotos</span> <span class='ocrx_word' id='word_1_39' title='bbox 547 785 644 816; x_wconf 86' lang='lat' dir='ltr'>prece</span> <span class='ocrx_word' id='word_1_40' title='bbox 669 785 758 816; x_wconf 84' lang='lat' dir='ltr'>sana,</span> 
     </span>
    </p>
   </div>
   <div class='ocr_carea' id='block_1_7' title="bbox 278 825 797 864">
    <p class='ocr_par' dir='ltr' id='par_1_7' title="bbox 278 825 797 864">
     <span class='ocr_line' id='line_1_12' title="bbox 278 825 797 864; baseline -0.002 -8"><span class='ocrx_word' id='word_1_41' title='bbox 278 825 363 864; x_wconf 90' lang='lat' dir='ltr'>Quos</span> <span class='ocrx_word' id='word_1_42' title='bbox 389 826 577 864; x_wconf 82' lang='lat' dir='ltr'><strong>impugnant</strong></span> <span class='ocrx_word' id='word_1_43' title='bbox 604 833 678 856; x_wconf 88' lang='lat' dir='ltr'>caro</span> <span class='ocrx_word' id='word_1_44' title='bbox 704 833 797 862; x_wconf 82' lang='lat' dir='ltr'>vana,</span> 
     </span>
    </p>
   </div>
   <div class='ocr_carea' id='block_1_8' title="bbox 326 872 729 905">
    <p class='ocr_par' dir='ltr' id='par_1_8' title="bbox 326 872 729 905">
     <span class='ocr_line' id='line_1_13' title="bbox 326 872 729 905; baseline -0.005 0"><span class='ocrx_word' id='word_1_45' title='bbox 326 872 468 905; x_wconf 85' lang='lat' dir='ltr'>Mundus</span> <span class='ocrx_word' id='word_1_46' title='bbox 494 876 524 903; x_wconf 88' lang='lat' dir='ltr'>et</span> <span class='ocrx_word' id='word_1_47' title='bbox 551 872 729 905; x_wconf 80' lang='lat' dir='ltr'>daemonia.</span> 
     </span>
    </p>
   </div>
   <div class='ocr_carea' id='block_1_9' title="bbox 884 252 1480 382">
    <p class='ocr_par' dir='ltr' id='par_1_9' title="bbox 884 252 1480 382">
     <span class='ocr_line' id='line_1_14' title="bbox 884 252 1432 295; baseline -0.009 -8"><span class='ocrx_word' id='word_1_48' title='bbox 884 252 947 287; x_wconf 89' lang='lat' dir='ltr'>2b.</span> <span class='ocrx_word' id='word_1_49' title='bbox 983 254 1087 286; x_wconf 88' lang='lat' dir='ltr'>Error</span> <span class='ocrx_word' id='word_1_50' title='bbox 1112 253 1211 295; x_wconf 82' lang='lat' dir='ltr'>cedit,</span> <span class='ocrx_word' id='word_1_51' title='bbox 1238 252 1432 284; x_wconf 78' lang='lat' dir='ltr'>sublimatur</span> 
     </span>
     <span class='ocr_line' id='line_1_15' title="bbox 983 300 1480 342; baseline -0.006 -8"><span class='ocrx_word' id='word_1_52' title='bbox 983 302 1105 335; x_wconf 85' lang='lat' dir='ltr'>Christi</span> <span class='ocrx_word' id='word_1_53' title='bbox 1130 300 1224 341; x_wconf 83' lang='lat' dir='ltr'>fides,</span> <span class='ocrx_word' id='word_1_54' title='bbox 1251 302 1480 342; x_wconf 77' lang='lat' dir='ltr'>augmentatur</span> 
     </span>
     <span class='ocr_line' id='line_1_16' title="bbox 1028 349 1373 382; baseline 0 0"><span class='ocrx_word' id='word_1_55' title='bbox 1028 350 1191 382; x_wconf 84' lang='lat' dir='ltr'>Numerus</span> <span class='ocrx_word' id='word_1_56' title='bbox 1216 349 1373 382; x_wconf 85' lang='lat' dir='ltr'>fidelium.</span> 
     </span>
    </p>
   </div>
   <div class='ocr_carea' id='block_1_10' title="bbox 881 426 1519 565">
    <p class='ocr_par' dir='ltr' id='par_1_10' title="bbox 881 426 1519 565">
     <span class='ocr_line' id='line_1_17' title="bbox 881 426 1519 471; baseline -0.006 -10"><span class='ocrx_word' id='word_1_57' title='bbox 881 429 901 462; x_wconf 84' lang='lat'><strong>3</strong></span> <span class='ocrx_word' id='word_1_58' title='bbox 912 428 943 460; x_wconf 90' lang='lat' dir='ltr'>b.</span> <span class='ocrx_word' id='word_1_59' title='bbox 974 429 1053 461; x_wconf 86' lang='lat' dir='ltr'>Mox</span> <span class='ocrx_word' id='word_1_60' title='bbox 1062 429 1127 471; x_wconf 83' lang='lat' dir='ltr'>nix,</span> <span class='ocrx_word' id='word_1_61' title='bbox 1139 428 1263 469; x_wconf 81' lang='lat' dir='ltr'><strong>grando</strong></span> <span class='ocrx_word' id='word_1_62' title='bbox 1274 426 1519 467; x_wconf 79' lang='lat' dir='ltr'>descendentes,</span> 
     </span>
     <span class='ocr_line' id='line_1_18' title="bbox 975 476 1424 519; baseline -0.004 -10"><span class='ocrx_word' id='word_1_63' title='bbox 975 477 1072 519; x_wconf 85' lang='lat' dir='ltr'>Deos,</span> <span class='ocrx_word' id='word_1_64' title='bbox 1099 487 1172 509; x_wconf 90' lang='lat' dir='ltr'>aras</span> <span class='ocrx_word' id='word_1_65' title='bbox 1198 476 1424 508; x_wconf 80' lang='lat' dir='ltr'>subvertentes</span> 
     </span>
     <span class='ocr_line' id='line_1_19' title="bbox 1023 524 1428 565; baseline -0.002 -7"><span class='ocrx_word' id='word_1_66' title='bbox 1023 525 1264 558; x_wconf 86' lang='lat' dir='ltr'>Destruxerunt</span> <span class='ocrx_word' id='word_1_67' title='bbox 1288 524 1428 565; x_wconf 80' lang='lat' dir='ltr'>penitus,</span> 
     </span>
    </p>
   </div>
   <div class='ocr_carea' id='block_1_11' title="bbox 879 602 1500 739">
    <p class='ocr_par' dir='ltr' id='par_1_11' title="bbox 879 602 1500 739">
     <span class='ocr_line' id='line_1_20' title="bbox 879 602 1406 636; baseline 0 -2"><span class='ocrx_word' id='word_1_68' title='bbox 879 602 944 636; x_wconf 88' lang='lat' dir='ltr'>4b.</span> <span class='ocrx_word' id='word_1_69' title='bbox 981 602 1132 635; x_wconf 80' lang='lat' dir='ltr'>Infideles</span> <span class='ocrx_word' id='word_1_70' title='bbox 1156 603 1233 635; x_wconf 88' lang='lat' dir='ltr'>victi</span> <span class='ocrx_word' id='word_1_71' title='bbox 1257 602 1406 634; x_wconf 85' lang='lat' dir='ltr'>credunt.</span> 
     </span>
     <span class='ocr_line' id='line_1_21' title="bbox 977 651 1500 692; baseline -0.002 -9"><span class='ocrx_word' id='word_1_72' title='bbox 977 652 1078 692; x_wconf 84' lang='lat' dir='ltr'>Aegri</span> <span class='ocrx_word' id='word_1_73' title='bbox 1104 651 1245 683; x_wconf 80' lang='lat' dir='ltr'>clamant</span> <span class='ocrx_word' id='word_1_74' title='bbox 1271 656 1303 682; x_wconf 88' lang='lat' dir='ltr'>et</span> <span class='ocrx_word' id='word_1_75' title='bbox 1329 652 1500 691; x_wconf 87' lang='lat' dir='ltr'>accedunt,</span> 
     </span>
     <span class='ocr_line' id='line_1_22' title="bbox 1025 699 1450 739; baseline -0.002 -8"><span class='ocrx_word' id='word_1_76' title='bbox 1025 699 1148 739; x_wconf 87' lang='lat' dir='ltr'>Quibus</span> <span class='ocrx_word' id='word_1_77' title='bbox 1175 700 1262 731; x_wconf 85' lang='lat' dir='ltr'>salus</span> <span class='ocrx_word' id='word_1_78' title='bbox 1290 699 1450 731; x_wconf 87' lang='lat' dir='ltr'>redditur.</span> 
     </span>
    </p>
   </div>
   <div class='ocr_carea' id='block_1_12' title="bbox 877 776 1516 913">
    <p class='ocr_par' dir='ltr' id='par_1_12' title="bbox 877 776 1516 913">
     <span class='ocr_line' id='line_1_23' title="bbox 877 776 1500 818; baseline -0.003 -8"><span class='ocrx_word' id='word_1_79' title='bbox 877 779 897 810; x_wconf 87' lang='lat'>5</span> <span class='ocrx_word' id='word_1_80' title='bbox 914 776 946 810; x_wconf 92' lang='lat' dir='ltr'>b.</span> <span class='ocrx_word' id='word_1_81' title='bbox 981 777 1090 817; x_wconf 90' lang='lat' dir='ltr'>Pater,</span> <span class='ocrx_word' id='word_1_82' title='bbox 1116 780 1213 818; x_wconf 89' lang='lat' dir='ltr'>tutor,</span> <span class='ocrx_word' id='word_1_83' title='bbox 1242 777 1307 809; x_wconf 81' lang='lat' dir='ltr'>dux</span> <span class='ocrx_word' id='word_1_84' title='bbox 1335 776 1500 817; x_wconf 81' lang='lat' dir='ltr'>Sueorum‚</span> 
     </span>
     <span class='ocr_line' id='line_1_24' title="bbox 974 823 1516 856; baseline 0 0"><span class='ocrx_word' id='word_1_85' title='bbox 974 824 1041 856; x_wconf 87' lang='lat' dir='ltr'>Nos</span> <span class='ocrx_word' id='word_1_86' title='bbox 1078 825 1227 856; x_wconf 81' lang='lat' dir='ltr'>concives</span> <span class='ocrx_word' id='word_1_87' title='bbox 1255 823 1307 856; x_wconf 84' lang='lat' dir='ltr'>fac</span> <span class='ocrx_word' id='word_1_88' title='bbox 1333 830 1516 856; x_wconf 89' lang='lat' dir='ltr'>sanctorum</span> 
     </span>
     <span class='ocr_line' id='line_1_25' title="bbox 1022 873 1352 913; baseline 0 -9"><span class='ocrx_word' id='word_1_89' title='bbox 1022 873 1058 904; x_wconf 94' lang='lat' dir='ltr'>In</span> <span class='ocrx_word' id='word_1_90' title='bbox 1085 882 1227 913; x_wconf 90' lang='lat' dir='ltr'>superna</span> <span class='ocrx_word' id='word_1_91' title='bbox 1253 873 1352 905; x_wconf 89' lang='lat' dir='ltr'>curia.</span> 
     </span>
    </p>
   </div>
   <div class='ocr_carea' id='block_1_13' title="bbox 179 956 1516 1148">
    <p class='ocr_par' dir='ltr' id='par_1_13' title="bbox 179 956 1516 1148">
     <span class='ocr_line' id='line_1_26' title="bbox 261 956 1515 993; baseline 0 -7"><span class='ocrx_word' id='word_1_92' title='bbox 261 959 390 993; x_wconf 68' lang='lat' dir='ltr'>Lege-nd.</span> <span class='ocrx_word' id='word_1_93' title='bbox 414 967 464 984; x_wconf 85' lang='lat' dir='ltr'>ms.</span> <span class='ocrx_word' id='word_1_94' title='bbox 479 958 636 984; x_wconf 86' lang='lat' dir='ltr'>Laurentii</span> <span class='ocrx_word' id='word_1_95' title='bbox 652 958 764 984; x_wconf 70' lang='lat' dir='ltr'>(ldonjs</span> <span class='ocrx_word' id='word_1_96' title='bbox 779 958 944 993; x_wconf 85' lang='lat' dir='ltr'>Lincopen</span> <span class='ocrx_word' id='word_1_97' title='bbox 960 967 1036 985; x_wconf 84' lang='lat' dir='ltr'>saec.</span> <span class='ocrx_word' id='word_1_98' title='bbox 1052 957 1145 985; x_wconf 84' lang='lat'>1415.</span> <span class='ocrx_word' id='word_1_99' title='bbox 1161 957 1231 985; x_wconf 85' lang='lat' dir='ltr'>Cod.</span> <span class='ocrx_word' id='word_1_100' title='bbox 1249 958 1391 986; x_wconf 81' lang='lat' dir='ltr'>Dresden.</span> <span class='ocrx_word' id='word_1_101' title='bbox 1408 959 1432 985; x_wconf 77' lang='lat' dir='ltr'>A</span> <span class='ocrx_word' id='word_1_102' title='bbox 1452 956 1515 986; x_wconf 63' lang='lat'>152.-</span> 
     </span>
     <span class='ocr_line' id='line_1_27' title="bbox 179 995 1516 1034; baseline 0.001 -10"><span class='ocrx_word' id='word_1_103' title='bbox 179 997 216 1024; x_wconf 75' lang='lat' dir='ltr'>A</span> <span class='ocrx_word' id='word_1_104' title='bbox 232 1013 269 1017; x_wconf 88' lang='lat'><strong>—</strong></span> <span class='ocrx_word' id='word_1_105' title='bbox 284 998 368 1024; x_wconf 84' lang='lat' dir='ltr'>Miss.</span> <span class='ocrx_word' id='word_1_106' title='bbox 385 1005 437 1024; x_wconf 77' lang='grc' dir='ltr'>ωε.</span> <span class='ocrx_word' id='word_1_107' title='bbox 454 996 626 1023; x_wconf 80' lang='lat' dir='ltr'>Scarense</span> <span class='ocrx_word' id='word_1_108' title='bbox 614 1005 689 1023; x_wconf 81' lang='lat' dir='ltr'>saec</span> <span class='ocrx_word' id='word_1_109' title='bbox 707 995 749 1023; x_wconf 88' lang='lat'>15.</span> <span class='ocrx_word' id='word_1_110' title='bbox 767 996 838 1023; x_wconf 85' lang='lat' dir='ltr'>Cod.</span> <span class='ocrx_word' id='word_1_111' title='bbox 854 996 995 1032; x_wconf 82' lang='lat' dir='ltr'>Upsalen</span> <span class='ocrx_word' id='word_1_112' title='bbox 1012 996 1034 1023; x_wconf 93' lang='lat' dir='ltr'>C</span> <span class='ocrx_word' id='word_1_113' title='bbox 1054 995 1120 1023; x_wconf 80' lang='lat'>427.</span> <span class='ocrx_word' id='word_1_114' title='bbox 1135 998 1170 1024; x_wconf 92' lang='grc' dir='ltr'>Β.</span> <span class='ocrx_word' id='word_1_115' title='bbox 1186 1011 1220 1015; x_wconf 91' lang='grc'>-</span> <span class='ocrx_word' id='word_1_116' title='bbox 1237 997 1321 1024; x_wconf 81' lang='lat' dir='ltr'>Miss</span> <span class='ocrx_word' id='word_1_117' title='bbox 1337 998 1516 1034; x_wconf 79' lang='lat' dir='ltr'>Stregnense</span> 
     </span>
     <span class='ocr_line' id='line_1_28' title="bbox 180 1033 1516 1071; baseline 0.001 -11"><span class='ocrx_word' id='word_1_118' title='bbox 180 1036 250 1071; x_wconf 86' lang='lat' dir='ltr'>imp.</span> <span class='ocrx_word' id='word_1_119' title='bbox 277 1036 414 1063; x_wconf 76' lang='lat' dir='ltr'>Lubecae</span> <span class='ocrx_word' id='word_1_120' title='bbox 443 1033 525 1062; x_wconf 73' lang='lat'>1487.</span> <span class='ocrx_word' id='word_1_121' title='bbox 553 1034 584 1061; x_wconf 91' lang='lat' dir='ltr'>C.</span> <span class='ocrx_word' id='word_1_122' title='bbox 606 1050 642 1054; x_wconf 92' lang='lat'>—</span> <span class='ocrx_word' id='word_1_123' title='bbox 664 1035 746 1061; x_wconf 75' lang='lat' dir='ltr'>Miss.</span> <span class='ocrx_word' id='word_1_124' title='bbox 774 1035 911 1062; x_wconf 87' lang='lat' dir='ltr'>Aboeuse</span> <span class='ocrx_word' id='word_1_125' title='bbox 939 1036 1006 1070; x_wconf 86' lang='lat' dir='ltr'>imp.</span> <span class='ocrx_word' id='word_1_126' title='bbox 1045 1036 1182 1062; x_wconf 87' lang='lat' dir='ltr'>Lubecae</span> <span class='ocrx_word' id='word_1_127' title='bbox 1210 1033 1293 1063; x_wconf 79' lang='lat'>1488.</span> <span class='ocrx_word' id='word_1_128' title='bbox 1316 1037 1351 1063; x_wconf 95' lang='lat' dir='ltr'>D</span> <span class='ocrx_word' id='word_1_129' title='bbox 1373 1051 1411 1055; x_wconf 91' lang='lat'>—</span> <span class='ocrx_word' id='word_1_130' title='bbox 1432 1037 1516 1063; x_wconf 66' lang='lat' dir='ltr'>mss.</span> 
     </span>
     <span class='ocr_line' id='line_1_29' title="bbox 180 1072 1516 1109; baseline -0.001 -8"><span class='ocrx_word' id='word_1_131' title='bbox 180 1074 344 1109; x_wconf 77' lang='lat' dir='ltr'>U1salense</span> <span class='ocrx_word' id='word_1_132' title='bbox 367 1077 435 1108; x_wconf 83' lang='lat' dir='ltr'>imp.</span> <span class='ocrx_word' id='word_1_133' title='bbox 458 1075 569 1108; x_wconf 82' lang='lat' dir='ltr'>absque</span> <span class='ocrx_word' id='word_1_134' title='bbox 589 1075 642 1103; x_wconf 80' lang='lat' dir='ltr'>(ca.</span> <span class='ocrx_word' id='word_1_135' title='bbox 669 1072 759 1105; x_wconf 63' lang='lat'>1437).</span> <span class='ocrx_word' id='word_1_136' title='bbox 781 1073 817 1100; x_wconf 87' lang='grc' dir='ltr'>Ε.</span> <span class='ocrx_word' id='word_1_137' title='bbox 834 1074 943 1100; x_wconf 83' lang='lat' dir='ltr'>—Mis</span> <span class='ocrx_word' id='word_1_138' title='bbox 948 1083 969 1100; x_wconf 86' lang='lat' dir='ltr'>s.</span> <span class='ocrx_word' id='word_1_139' title='bbox 992 1074 1158 1109; x_wconf 81' lang='lat' dir='ltr'>Lpsalense</span> <span class='ocrx_word' id='word_1_140' title='bbox 1178 1075 1249 1109; x_wconf 89' lang='lat' dir='ltr'>imp.</span> <span class='ocrx_word' id='word_1_141' title='bbox 1272 1075 1408 1102; x_wconf 84' lang='lat' dir='ltr'>Basileae</span> <span class='ocrx_word' id='word_1_142' title='bbox 1432 1073 1516 1102; x_wconf 85' lang='lat'>1513.</span> 
     </span>
     <span class='ocr_line' id='line_1_30' title="bbox 179 1111 1515 1148; baseline 0.001 -9"><span class='ocrx_word' id='word_1_143' title='bbox 179 1113 211 1139; x_wconf 82' lang='lat' dir='ltr'>F.</span> <span class='ocrx_word' id='word_1_144' title='bbox 233 1127 271 1130; x_wconf 97' lang='lat'><strong>—</strong></span> <span class='ocrx_word' id='word_1_145' title='bbox 291 1111 350 1142; x_wconf 82' lang='grc'><strong>51),</strong></span> <span class='ocrx_word' id='word_1_146' title='bbox 381 1112 392 1139; x_wconf 90' lang='grc'><strong>1</strong></span> <span class='ocrx_word' id='word_1_147' title='bbox 424 1112 595 1139; x_wconf 79' lang='lat' dir='ltr'>Swenorum</span> <span class='ocrx_word' id='word_1_148' title='bbox 619 1114 654 1144; x_wconf 84' lang='grc' dir='ltr'><em>Β;</em></span> <span class='ocrx_word' id='word_1_149' title='bbox 681 1115 847 1139; x_wconf 58' lang='lat' dir='ltr'>&gt;ueneram</span> <span class='ocrx_word' id='word_1_150' title='bbox 868 1112 953 1139; x_wconf 86' lang='lat' dir='ltr'>FCE.</span> <span class='ocrx_word' id='word_1_151' title='bbox 975 1127 1011 1129; x_wconf 95' lang='lat'><strong>—</strong></span> <span class='ocrx_word' id='word_1_152' title='bbox 1033 1113 1091 1139; x_wconf 85' lang='lat' dir='ltr'>Cfr.</span> <span class='ocrx_word' id='word_1_153' title='bbox 1114 1113 1284 1148; x_wconf 83' lang='lat' dir='ltr'>Klemming</span> <span class='ocrx_word' id='word_1_154' title='bbox 1310 1114 1340 1145; x_wconf 84' lang='grc' dir='ltr'>Ι,</span> <span class='ocrx_word' id='word_1_155' title='bbox 1372 1112 1427 1141; x_wconf 83' lang='lat'>113</span> <span class='ocrx_word' id='word_1_156' title='bbox 1455 1122 1515 1148; x_wconf 83' lang='lat' dir='ltr'>sq.;</span> 
     </span>
    </p>
   </div>
   <div class='ocr_carea' id='block_1_14' title="bbox 177 1150 382 1178">
    <p class='ocr_par' dir='ltr' id='par_1_14' title="bbox 177 1150 382 1178">
     <span class='ocr_line' id='line_1_31' title="bbox 177 1150 382 1178; baseline 0 -2"><span class='ocrx_word' id='word_1_157' title='bbox 177 1150 253 1178; x_wconf 84' lang='lat' dir='ltr'>Text</span> <span class='ocrx_word' id='word_1_158' title='bbox 274 1160 327 1177; x_wconf 79' lang='lat' dir='ltr'>aus</span> <span class='ocrx_word' id='word_1_159' title='bbox 349 1152 382 1178; x_wconf 89' lang='lat' dir='ltr'>E.</span> 
     </span>
    </p>
   </div>
   <div class='ocr_carea' id='block_1_15' title="bbox 567 1224 1115 1256">
    <p class='ocr_par' dir='ltr' id='par_1_15' title="bbox 567 1224 1115 1256">
     <span class='ocr_line' id='line_1_32' title="bbox 567 1224 1115 1256; baseline 0.004 -3"><span class='ocrx_word' id='word_1_160' title='bbox 567 1224 628 1254; x_wconf 82' lang='grc'><strong>217.</strong></span> <span class='ocrx_word' id='word_1_161' title='bbox 659 1224 702 1254; x_wconf 83' lang='lat' dir='ltr'>De</span> <span class='ocrx_word' id='word_1_162' title='bbox 724 1232 748 1254; x_wconf 87' lang='lat' dir='ltr'>s.</span> <span class='ocrx_word' id='word_1_163' title='bbox 770 1224 932 1255; x_wconf 80' lang='lat' dir='ltr'>Euchario</span> <span class='ocrx_word' id='word_1_164' title='bbox 954 1226 988 1255; x_wconf 82' lang='lat' dir='ltr'>et</span> <span class='ocrx_word' id='word_1_165' title='bbox 1008 1224 1115 1256; x_wconf 84' lang='lat' dir='ltr'>Sociis.</span> 
     </span>
    </p>
   </div>
   <div class='ocr_carea' id='block_1_16' title="bbox 179 1304 732 1441">
    <p class='ocr_par' dir='ltr' id='par_1_16' title="bbox 179 1304 732 1441">
     <span class='ocr_line' id='line_1_33' title="bbox 179 1304 632 1342; baseline -0.002 -5"><span class='ocrx_word' id='word_1_166' title='bbox 179 1305 238 1338; x_wconf 84' lang='lat' dir='ltr'>la.</span> <span class='ocrx_word' id='word_1_167' title='bbox 277 1307 393 1338; x_wconf 85' lang='lat' dir='ltr'>Cordis</span> <span class='ocrx_word' id='word_1_168' title='bbox 419 1305 496 1336; x_wconf 88' lang='lat' dir='ltr'>laeti</span> <span class='ocrx_word' id='word_1_169' title='bbox 521 1304 632 1342; x_wconf 89' lang='lat' dir='ltr'>iubilo,</span> 
     </span>
     <span class='ocr_line' id='line_1_34' title="bbox 275 1353 660 1393; baseline -0.003 -8"><span class='ocrx_word' id='word_1_170' title='bbox 275 1354 394 1385; x_wconf 84' lang='lat' dir='ltr'>Mentis</span> <span class='ocrx_word' id='word_1_171' title='bbox 422 1362 491 1384; x_wconf 89' lang='lat' dir='ltr'>cum</span> <span class='ocrx_word' id='word_1_172' title='bbox 519 1353 660 1393; x_wconf 85' lang='lat' dir='ltr'>tripudio</span> 
     </span>
     <span class='ocr_line' id='line_1_35' title="bbox 320 1401 732 1441; baseline -0.005 -7"><span class='ocrx_word' id='word_1_173' title='bbox 320 1402 398 1433; x_wconf 82' lang='lat' dir='ltr'>Dies</span> <span class='ocrx_word' id='word_1_174' title='bbox 424 1401 486 1432; x_wconf 79' lang='lat' dir='ltr'>ista</span> <span class='ocrx_word' id='word_1_175' title='bbox 511 1401 732 1441; x_wconf 75' lang='lat' dir='ltr'>celebretur3&#39;</span> 
     </span>
    </p>
   </div>
   <div class='ocr_carea' id='block_1_17' title="bbox 181 1476 762 1606">
    <p class='ocr_par' dir='ltr' id='par_1_17' title="bbox 181 1476 762 1606">
     <span class='ocr_line' id='line_1_36' title="bbox 181 1476 762 1520; baseline -0.003 -9"><span class='ocrx_word' id='word_1_176' title='bbox 181 1480 240 1511; x_wconf 68' lang='lat'>221.</span> <span class='ocrx_word' id='word_1_177' title='bbox 278 1478 369 1510; x_wconf 73' lang='lat' dir='ltr'>Nom</span> <span class='ocrx_word' id='word_1_178' title='bbox 397 1476 498 1520; x_wconf 85' lang='lat' dir='ltr'>[nam]</span> <span class='ocrx_word' id='word_1_179' title='bbox 525 1478 581 1510; x_wconf 78' lang='lat' dir='ltr'>lux</span> <span class='ocrx_word' id='word_1_180' title='bbox 609 1478 762 1519; x_wconf 78' lang='lat' dir='ltr'>exoritur,</span> 
     </span>
     <span class='ocr_line' id='line_1_37' title="bbox 277 1525 678 1567; baseline 0.002 -11"><span class='ocrx_word' id='word_1_181' title='bbox 277 1525 380 1558; x_wconf 79' lang='lat' dir='ltr'>Vetus</span> <span class='ocrx_word' id='word_1_182' title='bbox 407 1526 509 1566; x_wconf 80' lang='lat' dir='ltr'>caligo</span> <span class='ocrx_word' id='word_1_183' title='bbox 535 1526 678 1567; x_wconf 79' lang='lat' dir='ltr'>pellitur,</span> 
     </span>
     <span class='ocr_line' id='line_1_38' title="bbox 323 1574 709 1606; baseline 0 0"><span class='ocrx_word' id='word_1_184' title='bbox 323 1575 473 1606; x_wconf 82' lang='lat' dir='ltr'>Treveris</span> <span class='ocrx_word' id='word_1_185' title='bbox 501 1574 709 1606; x_wconf 86' lang='lat' dir='ltr'>convertitur.</span> 
     </span>
    </p>
   </div>
   <div class='ocr_carea' id='block_1_18' title="bbox 177 1651 752 1883">
    <p class='ocr_par' dir='ltr' id='par_1_18' title="bbox 177 1651 752 1883">
     <span class='ocr_line' id='line_1_39' title="bbox 177 1651 752 1691; baseline -0.002 -8"><span class='ocrx_word' id='word_1_186' title='bbox 177 1652 238 1684; x_wconf 87' lang='lat' dir='ltr'>3a.</span> <span class='ocrx_word' id='word_1_187' title='bbox 275 1652 377 1684; x_wconf 84' lang='lat' dir='ltr'>Caeca</span> <span class='ocrx_word' id='word_1_188' title='bbox 404 1652 557 1691; x_wconf 85' lang='lat' dir='ltr'>languens</span> <span class='ocrx_word' id='word_1_189' title='bbox 583 1651 616 1683; x_wconf 87' lang='lat' dir='ltr'>in</span> <span class='ocrx_word' id='word_1_190' title='bbox 643 1660 752 1683; x_wconf 86' lang='lat' dir='ltr'>errore</span> 
     </span>
     <span class='ocr_line' id='line_1_40' title="bbox 274 1699 692 1740; baseline -0.002 -9"><span class='ocrx_word' id='word_1_191' title='bbox 274 1700 383 1740; x_wconf 87' lang='lat' dir='ltr'>Longo</span> <span class='ocrx_word' id='word_1_192' title='bbox 410 1699 495 1738; x_wconf 87' lang='lat' dir='ltr'>parit</span> <span class='ocrx_word' id='word_1_193' title='bbox 521 1699 553 1730; x_wconf 91' lang='lat' dir='ltr'>in</span> <span class='ocrx_word' id='word_1_194' title='bbox 582 1699 692 1731; x_wconf 86' lang='lat' dir='ltr'>dolore</span> 
     </span>
     <span class='ocr_line' id='line_1_41' title="bbox 322 1746 516 1788; baseline -0.005 -9"><span class='ocrx_word' id='word_1_195' title='bbox 322 1746 516 1788; x_wconf 84' lang='lat' dir='ltr'>Reprobata,</span> 
     </span>
     <span class='ocr_line' id='line_1_42' title="bbox 322 1796 503 1836; baseline -0.011 -9"><span class='ocrx_word' id='word_1_196' title='bbox 322 1796 503 1836; x_wconf 83' lang='lat' dir='ltr'>Desperata</span> 
     </span>
     <span class='ocr_line' id='line_1_43' title="bbox 369 1842 732 1883; baseline 0 -7"><span class='ocrx_word' id='word_1_197' title='bbox 369 1844 423 1876; x_wconf 88' lang='lat' dir='ltr'>Sic</span> <span class='ocrx_word' id='word_1_198' title='bbox 448 1843 612 1883; x_wconf 85' lang='lat' dir='ltr'>gehennae</span> <span class='ocrx_word' id='word_1_199' title='bbox 638 1842 732 1877; x_wconf 64' lang='lat' dir='ltr'>filios</span> 
     </span>
    </p>
   </div>
   <div class='ocr_carea' id='block_1_19' title="bbox 178 1920 782 2058">
    <p class='ocr_par' dir='ltr' id='par_1_19' title="bbox 178 1920 782 2058">
     <span class='ocr_line' id='line_1_44' title="bbox 178 1920 695 1960; baseline -0.006 -7"><span class='ocrx_word' id='word_1_200' title='bbox 178 1923 238 1955; x_wconf 87' lang='lat' dir='ltr'>4a.</span> <span class='ocrx_word' id='word_1_201' title='bbox 276 1921 378 1954; x_wconf 87' lang='lat' dir='ltr'>Roma</span> <span class='ocrx_word' id='word_1_202' title='bbox 405 1920 509 1960; x_wconf 89' lang='lat' dir='ltr'>primo</span> <span class='ocrx_word' id='word_1_203' title='bbox 535 1920 695 1960; x_wconf 76' lang='lat' dir='ltr'>visitatur,</span> 
     </span>
     <span class='ocr_line' id='line_1_45' title="bbox 275 1969 654 2008; baseline -0.008 -6"><span class='ocrx_word' id='word_1_204' title='bbox 275 1970 369 2002; x_wconf 87' lang='lat' dir='ltr'>Salus</span> <span class='ocrx_word' id='word_1_205' title='bbox 396 1969 425 2000; x_wconf 84' lang='lat' dir='ltr'>ei</span> <span class='ocrx_word' id='word_1_206' title='bbox 451 1972 654 2008; x_wconf 82' lang='lat' dir='ltr'>procuratur,</span> 
     </span>
     <span class='ocr_line' id='line_1_46' title="bbox 272 2016 782 2058; baseline -0.006 -8"><span class='ocrx_word' id='word_1_207' title='bbox 272 2019 369 2050; x_wconf 87' lang='lat' dir='ltr'>Petro</span> <span class='ocrx_word' id='word_1_208' title='bbox 395 2017 523 2058; x_wconf 87' lang='lat' dir='ltr'>quando</span> <span class='ocrx_word' id='word_1_209' title='bbox 549 2016 642 2048; x_wconf 87' lang='lat' dir='ltr'>sedes</span> <span class='ocrx_word' id='word_1_210' title='bbox 669 2016 782 2056; x_wconf 68' lang='lat' dir='ltr'>datur,</span> 
     </span>
    </p>
   </div>
   <div class='ocr_carea' id='block_1_20' title="bbox 178 2093 723 2280">
    <p class='ocr_par' dir='ltr' id='par_1_20' title="bbox 178 2093 694 2132">
     <span class='ocr_line' id='line_1_47' title="bbox 178 2093 694 2132; baseline -0.006 -4"><span class='ocrx_word' id='word_1_211' title='bbox 178 2098 237 2128; x_wconf 78' lang='lat' dir='ltr'>5a.</span> <span class='ocrx_word' id='word_1_212' title='bbox 275 2095 353 2127; x_wconf 88' lang='lat' dir='ltr'>Cum</span> <span class='ocrx_word' id='word_1_213' title='bbox 380 2094 476 2127; x_wconf 85' lang='lat' dir='ltr'>sociis</span> <span class='ocrx_word' id='word_1_214' title='bbox 501 2093 694 2132; x_wconf 82' lang='lat' dir='ltr'>Eucharius,</span> 
     </span>
    </p>

    <p class='ocr_par' dir='ltr' id='par_1_21' title="bbox 272 2142 723 2224">
     <span class='ocr_line' id='line_1_48' title="bbox 273 2142 680 2185; baseline -0.01 -9"><span class='ocrx_word' id='word_1_215' title='bbox 273 2144 499 2185; x_wconf 85' lang='lat' dir='ltr'>Propugnator</span> <span class='ocrx_word' id='word_1_216' title='bbox 524 2142 680 2182; x_wconf 82' lang='lat' dir='ltr'>egregius,</span> 
     </span>
     <span class='ocr_line' id='line_1_49' title="bbox 272 2190 723 2224; baseline -0.004 -1"><span class='ocrx_word' id='word_1_217' title='bbox 272 2192 396 2224; x_wconf 78' lang='lat' dir='ltr'>Multae</span> <span class='ocrx_word' id='word_1_218' title='bbox 423 2191 550 2222; x_wconf 79' lang='lat' dir='ltr'>virtutis</span> <span class='ocrx_word' id='word_1_219' title='bbox 577 2190 723 2222; x_wconf 87' lang='lat' dir='ltr'>conscius</span> 
     </span>
    </p>

    <p class='ocr_par' dir='ltr' id='par_1_22' title="bbox 320 2239 674 2280">
     <span class='ocr_line' id='line_1_50' title="bbox 320 2239 674 2280; baseline -0.003 -8"><span class='ocrx_word' id='word_1_220' title='bbox 320 2239 485 2272; x_wconf 84' lang='lat' dir='ltr'>Treverim</span> <span class='ocrx_word' id='word_1_221' title='bbox 513 2239 674 2280; x_wconf 85' lang='lat' dir='ltr'>dirigitur.</span> 
     </span>
    </p>
   </div>
   <div class='ocr_carea' id='block_1_21' title="bbox 176 2316 784 2503">
    <p class='ocr_par' dir='ltr' id='par_1_23' title="bbox 176 2316 784 2503">
     <span class='ocr_line' id='line_1_51' title="bbox 176 2316 716 2358; baseline -0.004 -8"><span class='ocrx_word' id='word_1_222' title='bbox 176 2319 236 2350; x_wconf 69' lang='grc' dir='ltr'>6η.</span> <span class='ocrx_word' id='word_1_223' title='bbox 274 2318 386 2349; x_wconf 88' lang='lat' dir='ltr'>Virtus</span> <span class='ocrx_word' id='word_1_224' title='bbox 411 2317 523 2357; x_wconf 86' lang='lat' dir='ltr'>ingens</span> <span class='ocrx_word' id='word_1_225' title='bbox 550 2316 716 2358; x_wconf 77' lang='lat' dir='ltr'>spiritalis,</span> 
     </span>
     <span class='ocr_line' id='line_1_52' title="bbox 271 2364 784 2407; baseline -0.004 -9"><span class='ocrx_word' id='word_1_226' title='bbox 271 2366 378 2398; x_wconf 84' lang='lat' dir='ltr'>Nullis</span> <span class='ocrx_word' id='word_1_227' title='bbox 404 2375 543 2406; x_wconf 86' lang='lat' dir='ltr'>unquam</span> <span class='ocrx_word' id='word_1_228' title='bbox 567 2365 654 2397; x_wconf 74' lang='lat' dir='ltr'>victa</span> <span class='ocrx_word' id='word_1_229' title='bbox 679 2364 784 2407; x_wconf 86' lang='lat' dir='ltr'>malis,</span> 
     </span>
     <span class='ocr_line' id='line_1_53' title="bbox 272 2413 715 2453; baseline -0.002 -7"><span class='ocrx_word' id='word_1_230' title='bbox 272 2415 389 2446; x_wconf 89' lang='lat' dir='ltr'>Tribus</span> <span class='ocrx_word' id='word_1_231' title='bbox 415 2415 495 2446; x_wconf 81' lang='lat' dir='ltr'>viris</span> <span class='ocrx_word' id='word_1_232' title='bbox 519 2415 604 2446; x_wconf 90' lang='lat' dir='ltr'>inest</span> <span class='ocrx_word' id='word_1_233' title='bbox 630 2413 715 2453; x_wconf 89' lang='lat' dir='ltr'>talis,</span> 
     </span>
     <span class='ocr_line' id='line_1_54' title="bbox 320 2462 748 2503; baseline 0.005 -9"><span class='ocrx_word' id='word_1_234' title='bbox 320 2464 412 2502; x_wconf 89' lang='lat' dir='ltr'>Quod</span> <span class='ocrx_word' id='word_1_235' title='bbox 438 2466 623 2503; x_wconf 77' lang='lat' dir='ltr'>expugnant</span> <span class='ocrx_word' id='word_1_236' title='bbox 649 2462 748 2496; x_wconf 83' lang='lat' dir='ltr'>milia.</span> 
     </span>
    </p>
   </div>
   <div class='ocr_carea' id='block_1_22' title="bbox 877 1305 1416 1443">
    <p class='ocr_par' dir='ltr' id='par_1_24' title="bbox 877 1305 1416 1443">
     <span class='ocr_line' id='line_1_55' title="bbox 877 1305 1309 1347; baseline 0.002 -10"><span class='ocrx_word' id='word_1_237' title='bbox 877 1306 892 1337; x_wconf 93' lang='lat'>1</span> <span class='ocrx_word' id='word_1_238' title='bbox 908 1305 939 1339; x_wconf 95' lang='lat' dir='ltr'>b.</span> <span class='ocrx_word' id='word_1_239' title='bbox 976 1306 1033 1338; x_wconf 84' lang='lat' dir='ltr'>Pio</span> <span class='ocrx_word' id='word_1_240' title='bbox 1059 1316 1129 1338; x_wconf 90' lang='lat' dir='ltr'>cum</span> <span class='ocrx_word' id='word_1_241' title='bbox 1155 1306 1309 1347; x_wconf 88' lang='lat' dir='ltr'>obsequio</span> 
     </span>
     <span class='ocr_line' id='line_1_56' title="bbox 971 1353 1332 1386; baseline 0.003 -1"><span class='ocrx_word' id='word_1_242' title='bbox 971 1353 1095 1385; x_wconf 87' lang='lat' dir='ltr'>Fidelis</span> <span class='ocrx_word' id='word_1_243' title='bbox 1121 1355 1200 1386; x_wconf 90' lang='lat' dir='ltr'>haec</span> <span class='ocrx_word' id='word_1_244' title='bbox 1226 1355 1332 1386; x_wconf 85' lang='lat' dir='ltr'>contio</span> 
     </span>
     <span class='ocr_line' id='line_1_57' title="bbox 1018 1402 1416 1443; baseline 0.003 -9"><span class='ocrx_word' id='word_1_245' title='bbox 1018 1402 1111 1434; x_wconf 90' lang='lat' dir='ltr'>Dono</span> <span class='ocrx_word' id='word_1_246' title='bbox 1138 1402 1200 1434; x_wconf 93' lang='lat' dir='ltr'>Dei</span> <span class='ocrx_word' id='word_1_247' title='bbox 1225 1403 1416 1443; x_wconf 84' lang='lat' dir='ltr'>gratuletur.</span> 
     </span>
    </p>
   </div>
   <div class='ocr_carea' id='block_1_23' title="bbox 874 1478 1402 1610">
    <p class='ocr_par' dir='ltr' id='par_1_25' title="bbox 874 1478 1402 1610">
     <span class='ocr_line' id='line_1_58' title="bbox 874 1478 1349 1520; baseline 0.002 -10"><span class='ocrx_word' id='word_1_248' title='bbox 874 1478 939 1511; x_wconf 86' lang='lat' dir='ltr'>2b.</span> <span class='ocrx_word' id='word_1_249' title='bbox 974 1479 1150 1520; x_wconf 73' lang='lat' dir='ltr'>Babylonis</span> <span class='ocrx_word' id='word_1_250' title='bbox 1176 1479 1256 1511; x_wconf 83' lang='lat' dir='ltr'>haec</span> <span class='ocrx_word' id='word_1_251' title='bbox 1282 1480 1349 1512; x_wconf 76' lang='lat' dir='ltr'>tilia</span> 
     </span>
     <span class='ocr_line' id='line_1_59' title="bbox 970 1527 1338 1568; baseline 0.005 -10"><span class='ocrx_word' id='word_1_252' title='bbox 970 1527 1146 1567; x_wconf 85' lang='lat' dir='ltr'>Denigrata</span> <span class='ocrx_word' id='word_1_253' title='bbox 1174 1537 1233 1568; x_wconf 87' lang='lat' dir='ltr'>per</span> <span class='ocrx_word' id='word_1_254' title='bbox 1260 1529 1338 1560; x_wconf 74' lang='lat' dir='ltr'>vitia</span> 
     </span>
     <span class='ocr_line' id='line_1_60' title="bbox 1020 1575 1402 1610; baseline 0.005 -3"><span class='ocrx_word' id='word_1_255' title='bbox 1020 1575 1122 1607; x_wconf 88' lang='lat' dir='ltr'>Idolis</span> <span class='ocrx_word' id='word_1_256' title='bbox 1148 1580 1214 1607; x_wconf 87' lang='lat' dir='ltr'>tum</span> <span class='ocrx_word' id='word_1_257' title='bbox 1241 1577 1402 1610; x_wconf 85' lang='lat' dir='ltr'>subditur.</span> 
     </span>
    </p>
   </div>
   <div class='ocr_carea' id='block_1_24' title="bbox 875 1651 1404 1888">
    <p class='ocr_par' dir='ltr' id='par_1_26' title="bbox 875 1651 1404 1888">
     <span class='ocr_line' id='line_1_61' title="bbox 875 1651 1404 1694; baseline 0.004 -9"><span class='ocrx_word' id='word_1_258' title='bbox 875 1651 936 1685; x_wconf 89' lang='lat' dir='ltr'>3b.</span> <span class='ocrx_word' id='word_1_259' title='bbox 975 1652 1039 1684; x_wconf 88' lang='lat' dir='ltr'>Sed</span> <span class='ocrx_word' id='word_1_260' title='bbox 1065 1653 1128 1684; x_wconf 88' lang='lat' dir='ltr'>iam</span> <span class='ocrx_word' id='word_1_261' title='bbox 1154 1659 1248 1694; x_wconf 81' lang='lat' dir='ltr'>pater</span> <span class='ocrx_word' id='word_1_262' title='bbox 1274 1655 1404 1694; x_wconf 85' lang='lat' dir='ltr'>pietatis</span> 
     </span>
     <span class='ocr_line' id='line_1_62' title="bbox 971 1700 1394 1735; baseline 0.009 -4"><span class='ocrx_word' id='word_1_263' title='bbox 971 1700 1059 1732; x_wconf 78' lang='lat' dir='ltr'>Nutu</span> <span class='ocrx_word' id='word_1_264' title='bbox 1089 1701 1191 1733; x_wconf 85' lang='lat' dir='ltr'>bonae</span> <span class='ocrx_word' id='word_1_265' title='bbox 1219 1702 1394 1735; x_wconf 77' lang='lat' dir='ltr'>voluntatis</span> 
     </span>
     <span class='ocr_line' id='line_1_63' title="bbox 1021 1749 1198 1781; baseline 0.006 -1"><span class='ocrx_word' id='word_1_266' title='bbox 1021 1749 1198 1781; x_wconf 85' lang='lat' dir='ltr'>Miseretur</span> 
     </span>
     <span class='ocr_line' id='line_1_64' title="bbox 1018 1797 1243 1838; baseline 0.009 -10"><span class='ocrx_word' id='word_1_267' title='bbox 1018 1797 1060 1829; x_wconf 88' lang='lat' dir='ltr'>Et</span> <span class='ocrx_word' id='word_1_268' title='bbox 1086 1798 1243 1838; x_wconf 78' lang='lat' dir='ltr'>medetur,</span> 
     </span>
     <span class='ocr_line' id='line_1_65' title="bbox 1068 1846 1402 1888; baseline 0.009 -10"><span class='ocrx_word' id='word_1_269' title='bbox 1068 1847 1142 1878; x_wconf 85' lang='lat' dir='ltr'>Pios</span> <span class='ocrx_word' id='word_1_270' title='bbox 1170 1846 1248 1878; x_wconf 82' lang='lat' dir='ltr'>facit</span> <span class='ocrx_word' id='word_1_271' title='bbox 1275 1848 1402 1888; x_wconf 64' lang='lat' dir='ltr'>impios</span> 
     </span>
    </p>
   </div>
   <div class='ocr_carea' id='block_1_25' title="bbox 875 1921 1471 2063">
    <p class='ocr_par' dir='ltr' id='par_1_27' title="bbox 875 1921 1471 2063">
     <span class='ocr_line' id='line_1_66' title="bbox 875 1921 1426 1967; baseline 0.011 -14"><span class='ocrx_word' id='word_1_272' title='bbox 875 1921 940 1954; x_wconf 86' lang='lat' dir='ltr'>4b.</span> <span class='ocrx_word' id='word_1_273' title='bbox 975 1923 1073 1955; x_wconf 83' lang='lat' dir='ltr'>Brevi</span> <span class='ocrx_word' id='word_1_274' title='bbox 1100 1933 1231 1964; x_wconf 84' lang='lat' dir='ltr'>regnum</span> <span class='ocrx_word' id='word_1_275' title='bbox 1259 1926 1426 1967; x_wconf 57' lang='lat' dir='ltr'>dilatatur,</span> 
     </span>
     <span class='ocr_line' id='line_1_67' title="bbox 972 1971 1471 2019; baseline 0.014 -17"><span class='ocrx_word' id='word_1_276' title='bbox 972 1971 1087 2003; x_wconf 88' lang='lat' dir='ltr'>Petrus</span> <span class='ocrx_word' id='word_1_277' title='bbox 1113 1973 1145 2004; x_wconf 93' lang='lat' dir='ltr'>in</span> <span class='ocrx_word' id='word_1_278' title='bbox 1168 1983 1230 2013; x_wconf 91' lang='lat' dir='ltr'>quo</span> <span class='ocrx_word' id='word_1_279' title='bbox 1256 1975 1471 2019; x_wconf 84' lang='lat' dir='ltr'>principatur,</span> 
     </span>
     <span class='ocr_line' id='line_1_68' title="bbox 972 2020 1346 2063; baseline 0.013 -12"><span class='ocrx_word' id='word_1_280' title='bbox 972 2020 1066 2052; x_wconf 88' lang='lat' dir='ltr'>Orbis</span> <span class='ocrx_word' id='word_1_281' title='bbox 1091 2021 1119 2052; x_wconf 90' lang='lat' dir='ltr'>ei</span> <span class='ocrx_word' id='word_1_282' title='bbox 1145 2022 1346 2063; x_wconf 84' lang='lat' dir='ltr'>subiugatur.</span> 
     </span>
    </p>
   </div>
   <div class='ocr_carea' id='block_1_26' title="bbox 875 2095 1491 2283">
    <p class='ocr_par' dir='ltr' id='par_1_28' title="bbox 875 2095 1466 2143">
     <span class='ocr_line' id='line_1_69' title="bbox 875 2095 1466 2143; baseline 0.012 -14"><span class='ocrx_word' id='word_1_283' title='bbox 875 2095 937 2129; x_wconf 88' lang='lat' dir='ltr'>5b.</span> <span class='ocrx_word' id='word_1_284' title='bbox 973 2099 1079 2130; x_wconf 82' lang='lat' dir='ltr'>Intrat</span> <span class='ocrx_word' id='word_1_285' title='bbox 1103 2099 1216 2131; x_wconf 89' lang='lat' dir='ltr'>urbem</span> <span class='ocrx_word' id='word_1_286' title='bbox 1243 2107 1466 2143; x_wconf 67' lang='lat' dir='ltr'>pugnaturus,</span> 
     </span>
    </p>

    <p class='ocr_par' dir='ltr' id='par_1_29' title="bbox 971 2145 1491 2283">
     <span class='ocr_line' id='line_1_70' title="bbox 972 2145 1314 2181; baseline 0.012 -4"><span class='ocrx_word' id='word_1_287' title='bbox 972 2145 1179 2180; x_wconf 88' lang='lat' dir='ltr'>Infidelitatis</span> <span class='ocrx_word' id='word_1_288' title='bbox 1204 2158 1314 2181; x_wconf 88' lang='lat' dir='ltr'>murus</span> 
     </span>
     <span class='ocr_line' id='line_1_71' title="bbox 971 2194 1491 2238; baseline 0.012 -11"><span class='ocrx_word' id='word_1_289' title='bbox 971 2194 1097 2234; x_wconf 87' lang='lat' dir='ltr'>Obstat,</span> <span class='ocrx_word' id='word_1_290' title='bbox 1123 2195 1159 2227; x_wconf 87' lang='lat' dir='ltr'>fit</span> <span class='ocrx_word' id='word_1_291' title='bbox 1186 2196 1354 2230; x_wconf 85' lang='lat' dir='ltr'>conflictus</span> <span class='ocrx_word' id='word_1_292' title='bbox 1382 2199 1491 2238; x_wconf 73' lang='lat' dir='ltr'>durus,</span> 
     </span>
     <span class='ocr_line' id='line_1_72' title="bbox 1018 2243 1487 2283; baseline 0.017 -9"><span class='ocrx_word' id='word_1_293' title='bbox 1018 2243 1092 2274; x_wconf 82' lang='lat' dir='ltr'>Dux</span> <span class='ocrx_word' id='word_1_294' title='bbox 1117 2244 1220 2276; x_wconf 87' lang='lat' dir='ltr'>bonus</span> <span class='ocrx_word' id='word_1_295' title='bbox 1245 2255 1309 2278; x_wconf 92' lang='lat' dir='ltr'>non</span> <span class='ocrx_word' id='word_1_296' title='bbox 1336 2247 1487 2283; x_wconf 85' lang='lat' dir='ltr'>vincitur.</span> 
     </span>
    </p>
   </div>
   <div class='ocr_carea' id='block_1_27' title="bbox 875 2318 1429 2504">
    <p class='ocr_par' dir='ltr' id='par_1_30' title="bbox 875 2318 1429 2504">
     <span class='ocr_line' id='line_1_73' title="bbox 875 2318 1376 2356; baseline 0.01 -5"><span class='ocrx_word' id='word_1_297' title='bbox 875 2318 938 2352; x_wconf 88' lang='lat' dir='ltr'>6b.</span> <span class='ocrx_word' id='word_1_298' title='bbox 975 2320 1031 2352; x_wconf 91' lang='lat' dir='ltr'>Bis</span> <span class='ocrx_word' id='word_1_299' title='bbox 1057 2325 1170 2354; x_wconf 84' lang='lat' dir='ltr'>acutus</span> <span class='ocrx_word' id='word_1_300' title='bbox 1198 2322 1286 2355; x_wconf 87' lang='lat' dir='ltr'>verbi</span> <span class='ocrx_word' id='word_1_301' title='bbox 1314 2324 1376 2356; x_wconf 93' lang='lat' dir='ltr'>Dei</span> 
     </span>
     <span class='ocr_line' id='line_1_74' title="bbox 971 2368 1415 2412; baseline 0.016 -12"><span class='ocrx_word' id='word_1_302' title='bbox 971 2368 1087 2401; x_wconf 87' lang='lat' dir='ltr'>Mucro</span> <span class='ocrx_word' id='word_1_303' title='bbox 1113 2368 1202 2412; x_wconf 80' lang='lat' dir='ltr'>ferit,</span> <span class='ocrx_word' id='word_1_304' title='bbox 1229 2372 1348 2404; x_wconf 87' lang='lat' dir='ltr'>cedunt</span> <span class='ocrx_word' id='word_1_305' title='bbox 1375 2374 1415 2407; x_wconf 90' lang='lat' dir='ltr'>ei.</span> 
     </span>
     <span class='ocr_line' id='line_1_75' title="bbox 970 2417 1429 2456; baseline 0.013 -8"><span class='ocrx_word' id='word_1_306' title='bbox 970 2417 1209 2451; x_wconf 84' lang='lat' dir='ltr'>Truccidantur</span> <span class='ocrx_word' id='word_1_307' title='bbox 1234 2421 1429 2456; x_wconf 85' lang='lat' dir='ltr'>Amorrhaei</span> 
     </span>
     <span class='ocr_line' id='line_1_76' title="bbox 1018 2465 1296 2504; baseline 0.022 -7"><span class='ocrx_word' id='word_1_308' title='bbox 1018 2465 1122 2498; x_wconf 90' lang='lat' dir='ltr'>Felici</span> <span class='ocrx_word' id='word_1_309' title='bbox 1149 2468 1296 2504; x_wconf 81' lang='lat' dir='ltr'>victoria.</span> 
     </span>
    </p>
   </div>
  </div>
 </body>
</html>
