1654 2756
667 153 931 189 —236—

123 249 187 282 8a.
218 250 256 282 In
283 253 418 288 tantum⁷
445 249 529 289 quod

127 549 187 581 9a.

225 298 291 330 eius
318 298 428 330 tumba
453 298 592 330 maxime

223 346 400 379 honoratur

222 404 240 426 a
266 394 415 426 fidelibus
442 397 473 425 et
500 394 615 426 devote

224 442 447 482 frequentatur
458 452 465 483 ;

220 549 358 588 Propter
383 547 467 589 quod
494 548 599 588 ipsum

224 596 435 636 deprecemur
460 596 633 638 humiliter,

222 648 258 676 ut
283 654 342 684 pro
368 644 460 677 nobis

221 693 350 724 insistat
374 693 583 736 incessanter,

825 550 889 584 9b.

825 251 888 287 8b.
920 250 984 284 Ubi
1011 250 1077 282 suis

922 298 1074 339 precibus
1102 299 1292 332 invocantes

922 347 1108 388 audiuntur,

921 399 954 427 et
979 395 1019 428 ab
1046 405 1083 428 eo
1109 395 1244 428 miracla
1269 395 1335 428 illis

922 444 1164 485 impenduntur.

921 550 966 583 Ut
991 550 1024 582 in
1050 551 1112 582 hac
1136 550 1221 582 valle

921 598 1070 630 miseriae
1092 607 1150 630 nos
1176 598 1309 630 adiuvet

922 650 954 678 et
978 647 1011 678 in
1037 646 1150 679 mortis

922 703 1024 735 agone
1049 704 1108 727 nos
1133 694 1260 727 liberet.

135 810 148 815 ..
205 779 275 805 Vita
297 782 325 806 et
346 779 428 806 offic.
451 788 503 805 ms.
526 780 555 806 S.
578 780 678 807 lvonis
702 789 779 808 saec.
797 779 840 807 14.
864 779 934 807 Cod.
951 779 1096 807 Oxonien.
1119 780 1213 808 Laud.
1238 781 1321 807 misc.
1343 775 1411 805 340.
1433 791 1469 795 —-

129 817 330 844 Uberschrift:
368 816 525 850 „Alleluia‚
548 827 636 853 super
656 827 714 854 quo
737 819 873 855 sequitur
887 818 1009 845 Prosa.“
1027 835 1062 838 —
1082 818 1131 850 la,
1153 817 1171 846 4
1193 819 1224 846 in
1241 827 1294 846 sua
1309 816 1415 853 gloria.
1431 830 1470 834 —

128 853 182 887 23,
204 854 221 882 5
242 856 366 882 modicis
388 856 580 891 temporibus.
598 871 633 874 —
649 855 703 890 2b,
727 856 740 884 1
758 858 799 886 Ut
813 866 878 885 eum
894 858 959 892 ipsa
975 866 1054 884 suos.
1070 871 1106 876 —
1122 855 1175 889 32,
1197 855 1216 885 3
1231 860 1260 884 et
1275 855 1416 884 studium.
1433 870 1467 874 -

126 892 189 926 3h‚
219 893 231 920 1
255 903 297 929 sq.
320 895 390 921 totis
412 894 575 921 desideriis.
599 909 630 914 —
652 894 713 928 31),
741 894 758 922 5
780 905 832 932 pro
854 897 995 931 ipsorum.
1018 909 1055 914 —
1076 894 1136 928 5a,
1167 895 1185 923 5
1206 895 1387 926 instruebat,
1415 893 1467 920 cfr.

127 931 145 958 5
159 941 190 963 a,
220 931 245 959 2.
269 948 304 952 —
326 932 383 966 ὀὶ),
412 930 430 958 2
451 942 493 968 sq.
516 936 605 960 noctu
627 943 683 969 que
705 934 752 961 die
775 934 968 961 confortebat.
992 950 1026 954 —-
1049 933 1108 966 5b‚
1137 933 1155 961 4
1176 937 1205 961 et
1226 943 1289 970 pro.
1312 947 1347 952 ——
1369 930 1428 964 Ga,
1450 929 1469 958 3

130 970 244 998 fuisset.
268 985 301 989 —
324 970 381 1002 ea,
409 970 427 997 4
458 980 500 1006 sq.
523 974 552 998 et
573 980 663 1007 opera
684 973 914 1000 misericordiae.
936 988 974 992 —
994 970 1048 1006 6b,
1071 971 1090 1000 2
1111 976 1140 1000 et
1160 973 1283 1000 debiles.
1304 985 1342 990 —·
1363 969 1421 1003 7³⁷
1449 969 1467 997 4

130 1017 172 1044 sq.
206 1010 304 1045 plures
337 1009 472 1037 reddidit.
501 1024 539 1029 —-
567 1009 626 1041 7b.
658 1009 676 1038 2
707 1020 750 1047 sq.
778 1013 873 1047 ipsius
901 1011 1140 1039 dissolutionem.
1167 1026 1203 1030 —
1233 1009 1288 1043 Sa,
1319 1009 1338 1038 2
1365 1009 1468 1036 tumba

130 1056 249 1074 summe.
272 1063 308 1066 —
330 1047 385 1080 ΞΝ),
413 1046 430 1074 2
459 1057 521 1083 sqq.
551 1050 689 1076 miseriae
715 1053 744 1076 et
774 1051 805 1076 in
826 1052 935 1077 mortes
957 1058 1052 1086 agone
1073 1059 1127 1077 nos
1148 1050 1271 1077 adiuvet
1291 1050 1407 1077 liberet.
1430 1064 1467 1067 —

130 1085 256 1121 Strophe
278 1087 335 1113 und
357 1087 580 1122 Gegenstrophe
602 1088 707 1123 zeigen
728 1089 812 1115 Reim
834 1090 872 1115 im
890 1088 1111 1116 Sehlussworte.
1145 1089 1244 1116 VVenn
1265 1088 1361 1115 dieses
1383 1085 1468 1113 nicht·

128 1124 181 1151 der
202 1125 275 1155 Fan,
298 1135 330 1151 so
353 1127 463 1152 reimen
484 1125 692 1161 gleichmiissig
713 1125 731 1153 2
752 1127 844 1154 Verse
862 1126 946 1162 jeder
968 1127 1112 1154 Halbstro
1135 1127 1186 1161 he;
1209 1136 1257 1154 so:
1281 1126 1337 1159 5a,
1359 1123 1378 1152 2
1398 1134 1427 1152 u.
1450 1123 1467 1151 5

130 1163 224 1190 neben
245 1162 300 1193 Ἣ),
328 1162 345 1190 2
374 1173 400 1191 u.
424 1162 453 1197 ὃς
481 1165 539 1194 aa,
562 1162 580 1189 3
602 1173 627 1191 u.
651 1163 668 1191 5
690 1165 785 1192 neben
806 1164 859 1197 81³,
882 1163 900 1191 3
922 1174 949 1192 u.
972 1164 1002 1198 53
1025 1163 1081 1199 9a,

1143 1175 1170 1192 u.
1193 1164 1219 1192 4.
1243 1166 1338 1192 neben
1361 1162 1404 1191 91>
1420 1183 1427 1196 ‚
1450 1161 1468 1190 2

130 1210 157 1227 n.
172 1200 189 1228 4
203 1216 240 1219 —
256 1203 312 1229 Die
328 1201 477 1229 Abschrift
499 1203 634 1238 besorgte
656 1204 727 1230 Rev.
749 1204 788 1231 H.
811 1205 850 1231 M.
874 1203 1042 1231 Bannister.

159 1396 216 1426 la.

155 1549 215 1580 22.

154 1702 214 1735 3a.

152 1856 213 1887 4a.

153 2155 213 2185 5³.

152 2308 214 2340 62.

448 1315 515 1345 260.
557 1315 590 1345 In
613 1315 835 1347 Translationo
857 1325 880 1347 s.
904 1315 1023 1347 Kannti
1046 1315 1146 1347 ducis.

249 1394 355 1435 Salve,
385 1398 508 1435 martyr
532 1395 624 1436 alme,

252 1443 350 1481 salve⁷
378 1447 411 1474 tu
437 1443 499 1474 iam
527 1444 700 1485 caeligena,

248 1548 346 1580 Cuius
373 1549 526 1580 virtutum
554 1548 692 1589 insignia

250 1596 315 1627 late
343 1600 517 1636 perornant
546 1597 686 1637 climata.⁷

248 1701 330 1733 Nam
362 1710 420 1741 pro
448 1701 576 1733 Christo
602 1706 709 1734 terrea

253 1759 320 1781 cum
349 1749 483 1781 amisisti
510 1749 638 1790 gaudia,

246 1855 327 1886 Dum
355 1854 466 1886 mundi
492 1854 635 1886 tollentis

250 1903 283 1934 in
310 1911 423 1935 cruore
448 1903 584 1934 crimina

249 1951 332 1983 stola
358 1951 490 1983 laetaris

248 1999 401 2032 inttincta
427 1999 562 2032 amictus

248 2057 412 2088 purpurea

245 2153 331 2185 Hine
357 2151 554 2193 perfidorum

252 2202 437 2234 cruciantur
462 2202 599 2241 agmina,

246 2307 327 2339 Nam
354 2308 464 2350 lingua
489 2308 618 2348 quidem
644 2308 755 2349 inopia

249 2405 361 2437 Morsu
388 2405 550 2437 horrendo
712 2380 731 2401 *

248 2454 406 2493 praecisa.
715 2477 733 2498 *

854 1395 914 1429 1b.

850 1549 915 1583 2b.

851 1703 912 1738 3b.

947 1396 1054 1437 Salve,
1082 1396 1268 1437 angelorum

947 1443 1037 1483 felix,
1065 1445 1206 1484 Kanute,
1235 1445 1369 1484 collega.

948 1551 1012 1582 Per
1037 1553 1070 1582 te
1095 1550 1410 1591 omnipotentissima

949 1599 1022 1630 Iesu
1054 1608 1136 1638 quae
1162 1603 1320 1631 monstrat
1347 1598 1466 1638 gratia.

947 1703 1152 1743 Sempiterna
1179 1704 1323 1736 nancisci

946 1751 1091 1783 meruisti
1113 1752 1269 1793 tripudia,

849 1859 870 1890 4
878 1856 910 1890 b.
941 1856 985 1888 Et
1010 1856 1208 1890 immaculati

850 2154 913 2188 5b.

851 2307 914 2343 6b.

834 2382 852 2402 *

837 2478 855 2499 *

946 1905 1066 1945 iugiter
1091 1906 1228 1946 vestigia

946 1953 1021 1993 agni
1046 1954 1193 1991 sectaris.

947 2005 1127 2041 martyrum
1154 2002 1315 2044 phalange

946 2050 1119 2083 consortia.

944 2155 1032 2195 Quae
1058 2155 1100 2188 ad
1127 2156 1241 2188 aethra
1267 2161 1299 2189 te

945 2204 1154 2236 transmisere
1180 2205 1298 2237 nescia.

945 2308 1082 2348 Quidam
1109 2310 1263 2342 rimantes

952 2355 1085 2390 flumina

933 2453 1042 2495 Stygis
1068 2455 1193 2495 petiere
1218 2455 1388 2490 barathra.
