1654 2756
232 565 292 599 23.
320 566 359 598 111
385 566 446 598 1130
473 567 594 600 celebri

319 614 418 647 laude
443 615 559 648 inclita

317 671 447 704 semper
471 664 591 705 ubique

742 149 1006 184 —161—

624 279 679 313 171.
711 281 753 312 De
775 284 885 314 sancto
907 282 1065 315 Antonino
1091 283 1126 314 Μ.

677 375 710 408 1.
738 374 863 416 Pangat

740 423 809 464 regi
834 423 905 456 Deo
932 433 1008 457 arae
1034 425 1111 457 tuba

739 475 851 504 nostra
875 473 1042 505 ovatizans

620 568 758 607 diecula,
934 569 998 604 2b.
1027 571 1148 602 Nostra
1174 571 1355 610 eminetque
1382 570 1518 607 cantica,

1023 618 1104 651 caeli
1131 623 1306 658 penetrans

618 664 728 706 digna,
1022 675 1165 698 convexa
1191 666 1354 708 agalmata

226 760 288 791 3a.
318 762 367 792 Ac
398 760 521 793 micans
549 763 637 795 intra
662 764 839 804 splendida
932 766 951 797 :3
964 763 995 797 b.
1023 764 1181 797 Caelestis
1207 764 1301 796 aulae
1328 764 1459 796 lumina.

224 859 286 890 43.
315 860 416 897 Quam
443 860 609 900 agoniteta

315 911 432 939 cuncta.
459 908 592 942 decorat

315 965 413 996 supra
440 957 574 990 titania-a

224 1053 243 1085 5
261 1062 290 1086 a.
318 1053 505 1094 Tyranniea

313 1110 457 1141 vesama,

312 1150 423 1182 vitalia
450 1151 629 1190 reprobans

307 1202 439 1239 erogata
465 1199 600 1238 semina,

217 1296 278 1329 63.
306 1296 369 1328 Η10
395 1297 549 1330 immania

304 1355 402 1386 passa
428 1355 606 1385 poenarum
632 1349 749 1387 agonia

305 1393 335 1425 in
365 1393 472 1426 frusta
499 1395 643 1428 dissecat

305 1451 381 1474 ense
408 1445 554 1483 corporis
581 1450 697 1477 cuncta

301 1492 387 1523 sacri
413 1492 550 1532 viscera,

930 861 995 895 4b.
1023 862 1144 904 Fortis,
1171 860 1309 894 mirifica

1018 910 1145 951 pollens
1172 911 1277 951 gloria

1016 960 1048 990 in
1076 963 1210 991 aeterna
1237 959 1355 991 saecla.

929 1055 992 1088 5b.
1020 1056 1120 1095 Quem
1147 1065 1206 1096 per
1234 1056 1306 1087 dira

1016 1104 1181 1136 excruciat

1014 1152 1236 1191 quaestionum
1265 1151 1365 1190 impia

1012 1199 1217 1231 stomachans
1245 1200 1417 1239 supplicia.

925 1297 945 1329 6
962 1296 991 1330 b.
1019 1296 1108 1336 Quae
1135 1300 1165 1327 et
1194 1296 1326 1328 lacunas

1010 1346 1110 1377 iactat
1136 1345 1222 1376 inter
1248 1342 1436 1385 flumineas;

1012 1394 1116 1434 patuit
1143 1393 1289 1433 procella

1010 1443 1126 1483 quibus
1155 1442 1336 1481 dehiscens,
1365 1443 1451 1474 sicca

1013 1491 1093 1523 dans
1121 1491 1275 1531 hospitia.

217 1591 275 1624 7a.
305 1590 400 1623 Cives
427 1590 504 1622 inde
531 1591 572 1622 ab
599 1599 674 1623 arce
922 1590 984 1622 7b.
1014 1589 1124 1622 Effera
1150 1594 1248 1628 atque
1274 1597 1372 1621 saeva

300 1642 413 1671 assunt
439 1648 558 1679 supera

298 1687 436 1720 mirifica
462 1689 659 1728 praebentes

299 1737 352 1768 hic
378 1737 534 1777 obsequia
545 1748 552 1778 3

301 1786 422 1818 claram
445 1789 646 1827 praeparant
664 1787 820 1827 carinam,

299 1834 332 1866 in
359 1844 423 1875 qua
449 1835 567 1875 capitis
594 1839 722 1875 gestant

297 1892 392 1916 sacra
417 1883 566 1924 pignora.

1008 1639 1056 1669 sic
1082 1638 1263 1678 gentilitas,

1006 1687 1082 1719 dum
1109 1691 1219 1727 stupet
1246 1686 1406 1719 elementa

1009 1734 1203 1768 famulantia

1007 1785 1146 1825 dumque
1175 1784 1280 1816 cernit
1307 1783 1490 1826 caelicolas,

1004 1833 1083 1866 facti
1110 1834 1257 1873 paenitet
1286 1842 1369 1865 vana

1004 1891 1162 1923 spernens
1188 1882 1287 1914 idola.

210 1983 264 2016 83.
292 1982 318 2015 Ο
346 1982 511 2015 Antonine
537 1981 661 2022 inclite,
915 1980 980 2013 8b.
1008 1981 1075 2014 Nos
1106 1980 1200 2012 erilia
1225 1985 1363 2019 tropaea

295 2040 314 2063 O
341 2039 434 2064 Sacer
460 2036 582 2067 sancte,

299 2089 318 2112 o
344 2085 441 2120 pater
467 2084 499 2112 et
526 2079 621 2112 fortis
647 2080 782 2120 athleta,

298 2129 364 2163 dux
391 2133 423 2162 et
448 2129 573 2171 auriga,

297 2184 351 2212 tua
379 2181 451 2211 sunt
479 2178 539 2210 tibi
567 2179 656 2211 lauta

293 2228 440 2268 praemia

294 2287 366 2310 cum
393 2276 519 2310 iustitia

292 2326 326 2359 in
353 2326 486 2360 caelesti
514 2327 622 2370 curia;

1004 2029 1174 2070 psallimus
1201 2034 1268 2065 tua,

1006 2086 1188 2118 canoraque
1212 2077 1310 2109 laude
1337 2077 1451 2109 reboat

1005 2128 1085 2160 haec
1110 2127 1185 2158 31113
1212 2127 1308 2166 (11ν3;

1003 2181 1039 2208 tu
1062 2184 1120 2208 nos
1148 2184 1218 2207 011111
1244 2174 1391 2214 angelica

1003 2226 1122 2258 chorea

1004 2273 1056 2306 fac
1080 2282 1177 2306 avere
1202 2282 1262 2313 per

1003 2331 1117 2356 aevum
1145 2322 1241 2354 laude
1268 2324 1411 2353 aeterna.

602 2428 633 2459 9.
663 2425 738 2459 Tibi
765 2424 915 2458 Christus
937 2423 1080 2464 imperat

667 2483 728 2516 per
753 2473 954 2514 sempiterna
980 2471 1122 2505 saecula.

225 2535 359 2563 Blume,
378 2535 550 2564 Sequentiae
567 2534 706 2559 Ineditae.
738 2533 817 2557 VIII.

1310 2527 1344 2556 11
