1654 2756
727 135 962 171 „79—

608 240 657 272 68.
688 241 723 272 ln
745 241 968 282 Assumptione
989 242 1078 274 mlv.

183 303 242 338 la.
269 307 352 350 Ave,
382 309 481 340 decus
507 312 694 352 angelorum
886 313 945 346 lb.
974 315 1024 347 Tu
1050 323 1084 346 es
1110 314 1202 354 virgo
1228 323 1357 354 semper
1383 323 1465 354 pura

268 353 314 386 Et
339 360 527 390 cunctorum
555 360 740 393 electorum.
972 363 1017 394 Et
1042 373 1061 395 a
1088 368 1203 395 cuncta
1230 368 1379 394 creatura

316 404 379 437 Dei
406 409 511 438 mater
537 408 667 442 nobilis.
1022 412 1134 444 Potius
1161 411 1347 443 laudabilis.

177 475 196 507 2
212 484 243 508 a.
271 477 321 510 Tu
349 487 382 510 es
409 479 519 520 arbor,
547 489 629 520 quae
656 481 804 522 portasti,
883 482 940 515 2b.
970 483 1149 515 Benedicta
1174 488 1209 515 tu
1236 483 1336 524 fuisti,

271 525 322 558 Tu
349 536 382 558 es
408 531 522 565 mater,
551 537 634 568 quae
660 529 790 562 lactasti
971 531 1059 570 Quae
1085 541 1145 572 per
1170 531 1267 563 fidem
1295 533 1473 572 concepisti

319 574 439 616 Regem
467 584 579 616 regum
606 576 792 610 Dominum.
1022 579 1275 620 Redemptorem
1301 581 1478 613 hominum.

172 645 235 677 3a.
265 646 330 679 Per
357 654 389 679 te
416 648 513 682 datur
538 650 624 680 vitae
651 648 788 690 fructus,
884 650 943 683 3b.
971 650 1047 683 Sola
1073 657 1163 687 tenes
1191 652 1409 692 principatum

264 694 309 726 Et
336 697 476 728 cessavit
501 697 571 728 irae
597 698 713 740 luctus,
970 699 1013 731 Et
1040 709 1098 740 per
1126 699 1228 730 Deum
1257 701 1455 733 dominatum

314 744 359 776 Et
386 746 473 785 viget
499 745 635 779 laetitia.
1019 748 1055 780 In
1084 748 1216 780 caelesti
1243 750 1343 784 curia.

175 816 236 847 4a.
266 815 313 848 Te
341 817 507 850 collaudat
533 819 721 859 angelorum
881 820 943 855 4b.
971 821 1016 852 Te
1043 826 1203 860 martyres
1232 827 1437 863 venerantur,

266 864 391 898 Chorus
419 870 449 898 et
475 868 696 907 apostolorum
971 869 1182 902 Confessores
1210 869 1411 902 famulantur

315 914 455 947 Caterva
483 916 656 950 dominica.
1020 918 1099 950 Cum
1127 918 1222 950 turba
1250 919 1453 959 prophetica.

175 987 239 1018 5a.
268 986 389 1020 Coetus
415 989 527 1020 mundi
555 990 748 1029 puellarum,
883 989 943 1022 5b.
972 992 1054 1030 Quia
1081 1000 1140 1031 per
1167 996 1198 1022 te
1223 997 1297 1023 sunt
1325 993 1466 1032 adeptae

265 1035 434 1076 Virginum
461 1043 494 1069 et
521 1037 692 1069 viduarum
971 1039 1060 1071 Caeli
1088 1049 1218 1078 regnum
1248 1045 1281 1072 et
1310 1046 1460 1080 receptae

311 1085 423 1125 Agunt
451 1085 509 1116 tibi
541 1085 686 1124 choreas,
1017 1087 1072 1119 Ad
1100 1087 1226 1126 regales
1255 1089 1396 1128 nuptias.

176 1157 235 1189 Ga.
264 1156 314 1188 De
342 1157 403 1189 hoc
430 1158 550 1189 mundo
579 1158 798 1191 conscendisti
881 1159 941 1192 6b.
970 1159 1079 1200 Virgo,
1108 1165 1221 1201 mater,
1251 1162 1404 1200 recepisti

261 1205 368 1246 Super
395 1206 513 1247 caelos⁷
543 1208 616 1238 ilum
643 1206 811 1248 sumpsisti
969 1207 1018 1239 De
1044 1208 1192 1240 manibus
1221 1209 1294 1240 Iesu
1319 1210 1440 1241 Christi

309 1254 359 1286 De
386 1255 498 1287 labore
525 1257 716 1295 praemium.
1019 1256 1178 1289 Diadeina
1205 1258 1338 1296 regium.

175 1327 234 1359 7a.
262 1327 363 1368 Ergo,
390 1329 445 1369 pia
472 1329 657 1368 mediatrix,
882 1329 943 1362 7h.
973 1330 1017 1362 Ut
1036 1335 1108 1370 post
1130 1329 1213 1361 vitae
1233 1334 1363 1362 nostrae
1383 1339 1516 1363 cursum

262 1377 475 1409 Peccatorum
502 1377 699 1419 miseratrix,
969 1378 1037 1410 Nos
1065 1385 1206 1411 assumat
1235 1388 1342 1411 secum
1371 1388 1500 1411 sursum

311 1425 416 1457 Tuum
444 1435 523 1466 roga
549 1425 662 1469 filium,
1019 1428 1072 1459 Ad
1100 1427 1241 1459 caeleste
1267 1428 1431 1468 gaudium.

239 1497 414 1526 Prosarium
436 1507 490 1525 ms.
513 1499 752 1527 Caelestinorum
775 1500 846 1526 anni
870 1497 954 1526 1532.
1000 1500 1072 1526 cod.
1095 1501 1241 1527 Mazarin.
1262 1497 1320 1527 448
1340 1499 1427 1532 (7525).

603 1593 651 1625 69.
684 1595 719 1625 ln
740 1593 963 1634 Assumptione
987 1594 1074 1625 BMV.

172 1663 230 1697 la.
259 1664 399 1698 Sanctae
426 1665 488 1699 Dei
513 1667 690 1707 genetricis
882 1666 942 1700 lb.
970 1669 1040 1707 Qua
1065 1670 1201 1699 sanatur
1227 1668 1421 1707 peccatricis

311 1715 446 1747 Festiva
473 1715 655 1757 sollemnia,
1016 1715 1152 1748 Morbus
1179 1719 1211 1747 et
1236 1715 1380 1758 infamia,

173 1789 236 1821 2a.
266 1788 334 1820 Nos
361 1788 480 1820 invitat
505 1789 547 1820 ad
575 1793 710 1821 aeterna
879 1789 939 1822 2b.
968 1790 1012 1823 Ut
1038 1790 1081 1822 sit
1107 1788 1200 1821 nobis
1228 1793 1400 1822 coaeterna

311 1838 390 1870 Post
416 1838 496 1870 haec
521 1839 722 1880 transitoria,
1018 1839 1097 1872 Cum
1124 1839 1250 1880 angelis
1277 1839 1391 1880 gloria.

174 1912 236 1944 3a.
265 1911 369 1943 Stella
396 1910 495 1943 maris
523 1912 688 1944 exaltatur
879 1911 940 1945 3b.
969 1912 1040 1944 Hac
1067 1915 1215 1952 optatum
1243 1916 1407 1943 reseratur

312 1959 419 2000 Super
445 1960 553 1991 caelos
580 1961 689 2001 hodie,
1018 1961 1120 1993 Nobis
1146 1960 1244 1991 limen
1272 1961 1394 1997 veniae,

263 2009 356 2042 Deus
385 2009 480 2041 homo
507 2009 588 2040 mire
617 2010 713 2042 datur
969 2009 1012 2041 Et
1040 2020 1104 2049 pax
1131 2018 1225 2040 sacra
1251 2008 1450 2040 reformatur

314 2058 430 2091 Comes
457 2058 554 2089 matri
581 2057 679 2091 filiae.
1018 2059 1097 2091 Cum
1126 2058 1249 2098 angelis
1272 2058 1405 2097 gloriae.

172 2134 233 2164 4a.
264 2132 365 2172 Virga
393 2132 479 2164 Iesse
506 2129 626 2173 floruit,
880 2130 941 2166 4b.
969 2131 1047 2163 Flos
1075 2132 1114 2164 de
1142 2131 1237 2170 spina
1263 2131 1400 2170 pullulat

312 2181 413 2221 Virgo
439 2180 527 2220 parit
552 2181 723 2221 virginem,
983 2222 987 2225 ι
1018 2180 1103 2212 Rore
1130 2179 1234 2210 sancti
1262 2180 1408 2219 spii-itus,

261 2230 362 2263 Pater
387 2230 483 2270 hunc,
511 2238 606 2270 quem
633 2230 745 2269 genuit
968 2228 1077 2261 Draco
1106 2228 1209 2260 victus
1235 2228 1339 2259 ululat

312 2279 429 2321 Deum,
458 2276 539 2310 facit
566 2278 747 2318 hominem3
1018 2277 1113 2309 Prole
1141 2276 1218 2307 data
1243 2277 1397 2318 caelitus;

262 2327 318 2360 Sic
343 2331 513 2360 aeternum
539 2327 622 2359 miro
651 2327 749 2360 modo
969 2325 1073 2358 Huius
1099 2325 1214 2366 spinae
1239 2324 1298 2357 flos
1325 2324 1495 2367 fecundus,

315 2375 504 2418 Temporali
531 2376 687 2416 iungitur,
1019 2374 1106 2406 Ante
1133 2373 1242 2405 saecla
1268 2375 1407 2416 genitus,

260 2426 307 2459 Et
333 2424 481 2458 fractura
507 2425 576 2457 sine
603 2425 690 2458 nodo
971 2423 1076 2460 Facit,
1102 2427 1137 2454 ut
1163 2423 1308 2455 salvetur
1334 2425 1472 2457 mundus

313 2474 376 2507 Dei
402 2482 501 2516 posse
527 2474 644 2507 suitur.
1022 2472 1059 2504 In
1087 2471 1227 2512 maligno
1253 2474 1388 2514 positus.
