1654 2756
147 194 205 226 72.

144 393 194 423 3a.

145 433 200 461 Hs.

145 715 207 747 2³.

147 849 205 882 3a.

147 1129 206 1160 4a.

154 1407 214 1438 52.

151 1590 212 1622 fia.

155 1772 210 1805 7a.

154 1956 213 1987 8a.

153 2186 214 2218 ea.

683 93 995 132 -280—-.

239 194 274 226 In
301 192 473 233 praesenti,
502 191 564 231 fac,
592 192 737 224 vivamus
837 191 900 225 7b.

244 241 318 282 Nos,
347 246 381 272 ut
409 244 479 281 post
505 240 585 273 haee
611 239 775 272 valeamus

289 290 405 321 Tecum
434 290 516 320 laete
542 288 661 320 vivere.

935 191 1005 223 Hoc
1032 189 1188 222 concedat
1217 189 1428 230 Deus-homo,

933 239 1005 278 Qui,
1033 242 1069 270 ut
1093 243 1206 272 noster
1230 238 1321 270 vivat
1344 236 1453 276 homo,

981 287 1045 319 Sua
1071 285 1147 319 fecit
1174 287 1288 328 gratia.

222 356 354 383 Oration.
388 364 440 382 ms.
468 354 496 381 S.
524 354 660 382 Caelicae
690 353 878 382 coloniensis
910 362 986 381 saec.
1018 351 1062 380 15.
1090 352 1160 381 Cod.
1190 351 1346 381 Colonieu.
1381 349 1405 379 l.
1438 365 1474 370 —

218 394 230 421 1
255 395 381 430 capillis.
403 409 438 412 —
461 392 514 426 5b,
536 391 553 421 2
574 395 639 421 Hoc
661 393 743 420 fehlt.
765 407 802 411 —
823 392 874 422 fia.
897 390 915 421 3
930 392 1021 426 Quos.
1036 407 1074 411 —
1096 391 1148 424 7b,
1171 389 1188 419 2
1209 392 1296 419 vivit.
1314 405 1350 410 —-
1367 391 1402 418 In
1423 389 1476 418 der

222 433 392 461 bewichnet
413 433 457 460 als
481 430 690 467 „Sequentia“.

598 516 666 548 309.
708 517 751 548 De
772 517 881 547 sancto
903 516 1012 547 Paulo.

698 589 728 622 1.
756 585 915 620 Melliflua

758 636 838 669 dans
864 645 986 676 organa

243 713 354 745 Dulcis
379 718 507 744 resonet
835 713 900 746 eb.

242 771 324 793 nunc
349 770 470 793 musrca

239 847 391 880 Tinniens
418 847 535 880 fidibus
838 847 902 882 3b.

241 905 328 935 sona,
356 895 447 936 lyra,

244 943 436 977 Laudabilia

244 992 296 1024 dic
319 992 500 1033 praeconia,

246 1040 398 1081 phalanx,
427 1039 635 1081 hypolydica.

240 1127 348 1163 Paule,
837 1128 858 1160 4
867 1126 899 1159 b.

249 1183 304 1206 vas
330 1174 504 1211 electionis,
533 1173 586 1213 pia

245 1223 345 1254 nostri
373 1222 472 1253 disice

245 1270 351 1301 cordis
377 1278 473 1310 prece
499 1269 608 1301 nubila

247 1318 330 1350 Sede
358 1327 516 1357 suprema.

247 1405 414 1436 Balsamea
441 1405 590 1444 dogmata
840 1408 858 1438 5
870 1404 901 1438 b.

249 1457 419 1491 concrepet

245 1501 345 1532 mixta
370 1500 559 1541 symphonia
585 1510 672 1539 vera,

244 1587 359 1619 Sancte
387 1587 496 1628 Paule,
524 1592 634 1619 nostra
840 1587 903 1621 6b.

247 1637 304 1667 hac
331 1636 363 1667 in
391 1635 442 1666 die

245 1684 372 1723 suscipe
400 1688 482 1719 vota,

243 1769 394 1803 Sublimis
421 1770 543 1801 resides
573 1768 631 1812 [in]
656 1770 778 1812 aethra,
843 1770 902 1804 7b.

248 1827 303 1850 vas
330 1819 475 1859 electum,
504 1822 653 1850 eructans

248 1867 330 1898 vitae
357 1867 489 1906 pocula;

247 1953 350 1991 Nunc,
377 1958 487 1984 sancte
512 1953 625 1992 Paule,
653 1953 760 1994 polica
843 1954 905 1988 8b.

248 2002 368 2043 gaudes
393 2001 427 2033 in
453 2001 536 2042 aula,

248 2051 410 2083 laureatus
437 2050 522 2081 inter
545 2049 614 2081 lilia

250 2099 343 2132 Rosis
369 2098 479 2130 rubea.

246 2187 351 2225 Atque
377 2184 556 2217 humillima
845 2190 864 2222 9
876 2187 909 2220 b.

250 2243 326 2265 voce
353 2234 406 2274 pia

250 2283 358 2315 reddit
383 2281 512 2314 laudum

250 2331 447 2372 tymiamata.

930 712 1153 747 Modulamina

932 760 1057 793 treicia.

933 846 1128 880 Harmonica
1155 845 1242 887 tuba,

934 904 1011 928 voce
1037 895 1123 926 celsa

933 943 1170 984 Symphoniaca

933 1001 1044 1033 prome
1071 991 1208 1029 cantica,

933 1040 1088 1072 virtutum
1118 1039 1208 1070 melis
1236 1039 1380 1071 concina.

930 1125 1004 1158 Tibi

932 1182 1068 1214 namque
1095 1174 1198 1205 virtus
1224 1174 1356 1206 uranica

934 1222 1033 1254 verba
1059 1221 1195 1253 contulit

934 1270 1021 1309 loqui
1047 1279 1111 1300 non
1136 1269 1278 1307 licentia,

934 1318 1039 1349 Valde
1066 1317 1239 1357 profunda.

934 1403 1189 1437 Aromatizautia

935 1453 1077 1484 carmina

933 1510 1050 1533 sonora
1075 1500 1193 1532 reddat
1219 1499 1310 1532 tibia.

934 1588 1002 1627 Qua
1027 1587 1069 1619 ad
1096 1587 1217 1627 palatia

937 1645 970 1667 es
998 1639 1182 1675 assumptus

936 1684 1147 1724 perlucentia.

936 1770 1084 1804 Caesaris
1111 1779 1250 1811 namque
1279 1775 1313 1802 tu
1340 1770 1411 1804 dira

937 1818 983 1850 nil
1010 1817 1189 1851 formidans
1217 1823 1388 1860 exspectas

939 1867 1024 1899 ensis
1051 1868 1171 1908 iugula.

937 1953 986 1988 Ob
1013 1954 1072 1986 hoc
1099 1957 1131 1986 te
1157 1959 1267 1987 nostra
1294 1960 1429 1989 caterva

939 2011 1017 2035 voce
1045 2002 1173 2035 declina

939 2051 1162 2092 tympanizans
1191 2051 1304 2084 laudat
1330 2056 1363 2084 et
1387 2053 1456 2086 alta

941 2100 1007 2133 Dat
1030 2100 1216 2142 praeconia,

941 2187 985 2221 Ut
1008 2193 1065 2218 tua
1091 2186 1209 2218 sentiat

941 2234 1105 2276 suffragia,

940 2288 1054 2317 sancte
1082 2283 1190 2326 Paule,

943 2333 1057 2364 clamat
1087 2332 1166 2364 haec
1189 2333 1273 2365 aula.

444 2410 496 2442 10.
525 2409 662 2450 Christe,
691 2419 749 2442 nos
773 2419 894 2453 omneS‚
921 2420 990 2452 rex,
1019 2419 1184 2442 conserva.
