1654 2756
744 173 787 178 —-—
838 153 909 188 269
961 173 1006 178 —

228 250 288 283 8a.
321 250 533 284 Residentem
566 259 666 291 super
691 250 846 283 thronum
933 251 997 285 8b.
1033 251 1133 283 Vivus
1161 251 1252 283 fulsit
1279 252 1444 283 miraculis

325 298 452 340 clerus,
478 299 595 340 vulgus
621 299 707 331 hunc
733 302 844 339 patro·
1029 298 1214 333 Defunctus
1241 299 1367 332 confert
1395 300 1530 340 singulis

653 356 729 379 num
1078 348 1186 381 Multa
1212 349 1408 389 patrocinia.

348 395 515 436 Quaerunt
543 405 614 428 cum
642 395 775 429 fiducia.

227 483 288 515 98.
321 482 383 523 Qui
410 491 445 516 se
471 483 607 516 marinis
633 481 787 516 fluctibus
932 485 995 518 eb.
1028 484 1088 524 Qui
1114 484 1251 517 carbasa
1275 484 1411 516 credunt
1431 485 1548 525 ventis,

323 531 423 571 Dant,
450 532 515 573 piis
542 532 685 564 clamant
712 533 845 565 vocibus
1028 533 1128 564 Horis
1164 534 1288 565 cunctis
1317 538 1346 564 et
1375 534 1545 566 momentis

373 581 483 621 Ipsius
508 581 688 622 praesidia.
1082 581 1247 614 Praesulis
1274 582 1398 614 auxilia

201 668 285 702 lOa.
319 667 394 700 Non
422 669 576 700 omittunt
603 667 772 708 requirere
907 670 950 703 10
962 669 993 703 b.
1026 669 1133 708 Super
1155 673 1276 700 terram
1304 673 1335 699 et
1362 669 1393 699 in
1423 676 1510 700 mare

322 717 392 749 Nec
420 716 623 749 frustrantur
648 726 667 748 a
693 726 842 759 munere3
1031 718 1170 749 Paratus
1197 721 1244 748 est
1271 717 1429 749 adiuvare

372 766 525 798 Praestat
550 765 719 798 beneficia.
1075 765 1269 798 Meritornm
1297 765 1412 806 gratia.

201 853 243 886 11
257 862 287 887 a.
317 853 441 894 Longe,
470 854 536 886 late
564 854 764 893 declaratur,
907 854 947 887 11
962 853 994 887 b.
1028 853 1124 885 Sidus
1149 853 1299 886 caelestis
1326 852 1446 889 curiae,

324 901 422 933 Plebs
447 903 481 934 in
508 903 578 934 dies
606 905 792 946 renovatur,
1024 903 1170 934 Aeterna
1197 901 1308 933 fruens
1336 901 1459 941 requie,

371 949 502 983 Gaudet
527 951 641 983 mundi
667 951 785 993 patria.
1073 950 1247 991 Oppressis
1271 949 1413 991 mireria,

201 1039 246 1072 12
257 1047 287 1073 a.
321 1037 383 1087 Tui
407 1039 571 1078 praeclari
598 1038 749 1077 nominis,
904 1038 947 1071 12
960 1037 991 1070 b.
1023 1037 1095 1075 His,
1112 1037 1177 1077 *qui
1204 1040 1291 1068 tuam
1320 1035 1509 1067 memoriam

319 1086 415 1126 Quod
447 1087 548 1120 habes
576 1087 660 1119 dono
687 1086 839 1128 numinis,
1024 1085 1157 1125 Colunt,
1185 1088 1300 1125 petunt
1326 1083 1541 1125 clementiam,

369 1136 529 1176 Impende
555 1135 719 1176 remedia3
1072 1133 1122 1164 Ne
1149 1137 1328 1174 sequantur
1355 1132 1461 1165 devia.

199 1223 282 1256 133..
315 1221 462 1259 Nicolae‚
491 1222 547 1262 qui
572 1221 606 1253 in
635 1221 733 1252 caelis
905 1221 948 1254 13
961 1220 991 1253 b.
1025 1219 1091 1251 Nos
1119 1218 1300 1260 perfundas
1328 1222 1359 1249 et
1385 1218 1517 1261 largire,

318 1269 481 1302 Gloriaris
508 1279 580 1302 cum
607 1269 744 1311 angelis,
1026 1268 1070 1300 Ut
1095 1268 1262 1306 possimus
1286 1266 1426 1298 introire

365 1317 437 1350 Olei
464 1319 591 1351 laetitia
1071 1314 1242 1348 Caelorum
1271 1315 1405 1355 palatia.

223 1405 228 1410 ’
271 1406 391 1433 Prosar.
414 1414 467 1433 ms.
482 1405 713 1432 Marchianeuse
737 1413 812 1434 saec.
830 1403 875 1432 15.
892 1403 963 1432 cod.
979 1403 1113 1431 Duacen.
1132 1400 1195 1430 123.
1212 1418 1247 1421 —
1264 1400 1319 1438 21),
1335 1399 1353 1428 2
1368 1402 1489 1430 Mentis.
1513 1418 1542 1422 —

192 1444 246 1479 4a,
270 1443 283 1471 1
307 1445 417 1471 Carum
440 1446 527 1481 patri.

652 1519 720 1550 298.
762 1518 804 1550 De
826 1519 936 1551 sancto
959 1516 1096 1548 Nicolao.

702 1601 732 1634 1.
761 1600 893 1634 Caelica
921 1599 1041 1632 siderei

762 1649 891 1682 Nobilis
918 1649 993 1681 aula
1020 1646 1081 1679 Dei

762 1697 902 1731 Subdita
928 1697 1049 1738 psallat
1076 1695 1114 1736 ei,

217 1788 280 1821 2a.
311 1785 411 1818 Cuius
433 1787 484 1819 vir
510 1785 659 1827 pontifex
924 1786 987 1819 2b.
1020 1783 1186 1817 Praebens
1213 1783 1400 1816 aethereum

362 1843 458 1868 verus
486 1840 518 1868 et
542 1835 716 1877 presbyter
1066 1833 1223 1866 Nicolaus
1251 1833 1315 1864 iter

1019 1883 1180 1916 Coronam
1208 1882 1327 1914 meruit

1065 1931 1188 1964 habere
1215 1931 1337 1963 taliter.

215 2023 275 2056 3a.
308 2022 385 2064 Hoc
407 2031 546 2063 namque
572 2021 694 2054 mundo
711 2021 831 2055 misero
919 2021 982 2056 3b.
1015 2021 1104 2052 Iacet
1131 2019 1239 2051 adhuc
1264 2016 1426 2049 cunabulo

309 2070 436 2104 Mundo
462 2074 615 2104 manente
642 2079 744 2112 puero
1015 2068 1122 2102 Valde
1150 2068 1289 2099 mirante
1316 2065 1437 2106 populo

358 2119 422 2152 Hic
448 2130 550 2161 purus
575 2119 616 2152 ab
643 2118 793 2164 infantia,
1064 2117 1187 2158 Magna
1222 2123 1374 2156 promens
1401 2113 1536 2148 iaiunia.

210 2211 272 2244 4a.
305 2208 369 2241 Hic
390 2208 588 2249 deprecatus
918 2207 984 2242 4b.
1015 2204 1187 2237 Fluctibus
1214 2204 1289 2236 altis

306 2258 387 2290 Mox
413 2258 589 2290 miseratus
1016 2255 1138 2288 Cautus
1163 2252 1303 2284 incautis

306 2307 381 2339 Non
408 2311 459 2339 est
486 2307 682 2348 dedignatus
1016 2302 1198 2337 Subvenire
1219 2300 1337 2333 nautis.

206 2398 270 2431 5a.
304 2395 444 2429 Genitor
461 2395 633 2438 virginum,
917 2391 982 2427 5b.
1013 2391 1078 2424 Per
1105 2389 1190 2422 hunc
1218 2389 1270 2421 dic
1295 2387 1472 2429 dominum,

305 2443 454 2478 Cessisse
477 2444 651 2477 criminum
1012 2441 1043 2473 A
1068 2442 1164 2480 patre
1190 2438 1347 2470 luminum

352 2493 473 2527 Aetate
498 2497 613 2526 tenera
1063 2488 1155 2521 Haec
1181 2488 1280 2520 missa
1306 2495 1451 2519 munera.
