1654 2756
741 152 1007 189 —241—

189 249 251 282 4a-
284 245 407 290 Magna
433 259 505 283 cum
533 251 707 285 devotione

288 296 434 332 Fervens
460 300 492 332 in
519 300 679 340 oratione,

338 347 418 380 Cum
446 349 618 382 descendit

339 397 398 429 Vel
425 398 586 438 ascendit,

384 446 491 479 Fulsit
517 448 550 479 in
577 448 758 488 septennio.

187 554 249 587 5a.
281 551 477 586 Animarum
503 555 574 586 zelo
599 558 706 587 tracta

284 602 372 634 Mira
397 603 612 643 perpetrabat
639 602 728 636 facta

333 650 438 683 claris
466 651 575 683 verbis

331 699 404 731 Non
431 700 559 732 acerbis

380 748 519 780 Monens
544 747 795 789 perfectissime.

183 855 244 888 Ga.
278 851 448 889 Oboedire
474 857 656 899 satagebat,

281 903 450 937 Christum
477 907 571 946 sequi
598 907 751 947 cupiebat

327 953 470 986 Servans
498 959 574 987 vota

328 1001 407 1034 Tria
433 1007 510 1035 nota

376 1051 467 1083 Haec
493 1052 616 1084 ancilla
641 1053 785 1089 Domini,

179 1155 240 1190 7a.
276 1153 358 1197 Igne
386 1167 449 1190 non
477 1159 738 1202 comburebatur,

277 1206 430 1245 Quamvis
457 1207 507 1238 uri
535 1207 721 1251 videbatur,

322 1254 436 1287 Mente
462 1260 558 1296 rapta

322 1303 421 1335 Velut
449 1308 555 1345 capta,

371 1351 516 1392 Sponsus
543 1363 696 1394 sponsam
720 1355 822 1386 medi—

585 1411 673 1435 cans.

169 1507 230 1539 Sa.
263 1505 370 1542 Annis
397 1509 479 1541 actis
505 1513 556 1542 ter
581 1511 720 1542 undenis

268 1557 360 1589 Haec
386 1558 577 1598 virguncula
604 1559 644 1591 de
671 1560 766 1592 Senis

317 1607 491 1646 invitatur,

316 1657 511 1699 Coronatur,

365 1705 420 1738 Ad
447 1708 614 1737 aeternam
640 1706 789 1746 gloriam.

169 1814 233 1847 9a.
268 1812 373 1856 Iesus,
400 1823 539 1855 sponsus
565 1814 737 1855 gloriosuS,

269 1864 417 1905 Sponsae
444 1872 522 1896 suae
549 1863 724 1904 gratiosus,

318 1913 482 1946 Sociatam

319 1962 389 1995 Sibi
417 1965 542 2003 gratam

368 2011 514 2052 Cyclade
540 2011 624 2043 hanc
650 2011 769 2043 induit.

900 251 965 287 4b.
998 251 1095 288 Carni
1124 253 1234 286 volens
1259 263 1454 297 repugnare,

997 302 1135 334 Carnem
1161 303 1275 335 nolens
1301 304 1509 344 manducare,

1047 350 1152 392 Saepe
1178 351 1278 384 flebat

1045 400 1091 431 Et
1117 400 1256 433 ardebat

1094 449 1217 482 Christi
1246 450 1420 484 desiderio.

897 553 961 587 5b.
995 551 1066 588 Non
1095 556 1224 588 volebat
1251 558 1424 600 consolari,

994 603 1106 636 Donec
1133 609 1164 636 et
1194 606 1412 645 depauperari

1041 652 1223 694 Diligentes

1041 700 1083 732 Se
1109 706 1262 742 parentes

1090 750 1170 782 Suos
1199 750 1282 782 vidit
1308 752 1459 786 maxime.

893 854 956 888 6b.
990 853 1058 890 Nec
1086 857 1222 889 eandem
1250 856 1432 900 fatigabant

989 905 1249 946 Temptamenta‚
1278 916 1359 946 quae
1377 907 1540 939 vexabant

1038 955 1133 986 Hanc
1160 955 1305 988 divinam

1040 1003 1266 1046 Katharinam‚

1086 1051 1221 1083 Gratam
1249 1053 1323 1084 Iesu
1348 1052 1483 1085 nomini.

891 1155 954 1189 7b.
985 1154 1092 1197 Saepe
1119 1158 1211 1190 Iesus
1240 1158 1422 1199 apparebat

983 1205 1027 1237 Et
1055 1207 1184 1238 occulta
1212 1206 1376 1238 referebat

1035 1254 1190 1286 Gratiose

1035 1303 1078 1334 Et
1108 1301 1249 1334 formose

1081 1352 1180 1391 Quasi
1196 1361 1352 1392 sponsam
1366 1352 1542 1389 suscitans,

876 1509 944 1546 eb.
977 1505 1170 1541 Vulnerata
1200 1509 1337 1540 caritate

981 1557 1144 1598 Stigmata
1171 1557 1327 1598 portabat
1356 1561 1448 1597 grate

1036 1607 1124 1639 Puro
1153 1607 1262 1648 corde,

1035 1655 1111 1687 Sine
1139 1656 1237 1687 sorde

1083 1704 1223 1737 Faciens
1251 1704 1452 1736 memoriam.
1499 1744 1503 1748 4

885 1813 948 1848 9b.
981 1809 1103 1854 Trahe‚
1133 1812 1251 1853 singuli
1279 1811 1455 1843 clamemus

982 1863 1026 1895 Et
1052 1862 1190 1894 eandem
1217 1861 1412 1893 honoremus

1033 1912 1124 1944 Bona
1151 1911 1219 1942 vita

1017 1960 1216 1999 'Recensita,

1081 2010 1181 2050 Quam
1211 2008 1365 2040 dilectam
1393 2007 1508 2042 voluit,

250 2099 392 2134 Sequent.
428 2109 482 2127 ms.
520 2099 768 2128 Praedicatorum
804 2107 883 2127 saec.
920 2096 966 2126 15.
997 2097 1068 2126 Cod.
1102 2098 1131 2124 S.
1166 2096 1277 2133 Ignatii
1310 2095 1533 2129 Noviomagen.

171 2138 218 2168 55.
240 2154 279 2158 —-
302 2138 354 2172 7a,
375 2138 394 2166 4
415 2148 454 2176 ap
456 2142 496 2167 ta.
517 2154 555 2158 —
578 2139 797 2166 Akrostichon.
839 2139 930 2166 Pius
957 2146 1031 2165 eam
1062 2135 1323 2163 canonisavit
1367 2134 1532 2161 Vielleieht

170 2180 236 2208 also
258 2181 299 2207 ist
319 2179 369 2206 die
392 2179 529 2215 Sequenz
551 2180 591 2206 im
613 2178 706 2206 Jahre
730 2176 802 2206 1461
826 2187 879 2206 zur
900 2178 989 2205 Feier
1009 2177 1061 2204 der
1083 2175 1308 2202 Kanonisation
1329 2172 1494 2209 gedichtet

564 2303 632 2336 266.
676 2303 719 2335 De
741 2312 766 2335 s.
790 2301 976 2335 Katharina
997 2299 1137 2332 Suecica.

174 2400 234 2435 la.
267 2400 489 2433 Recensemus
511 2398 545 2430 in
572 2398 634 2432 hac
661 2397 715 2430 die

271 2448 351 2482 Cum
380 2451 540 2481 concentu
565 2447 756 2480 harmoniae

321 2497 528 2531 Katherinae
553 2496 703 2538 gloriam.

231 2558 365 2585 Blume=
384 2556 557 2586 Sequentiae
574 2555 714 2580 Iueditae.
745 2554 824 2577 vul.

887 2395 947 2428 1b.
980 2394 1072 2427 Haec
1099 2392 1255 2423 virtutum
1281 2391 1451 2424 harmonia

982 2443 1027 2476 Et
1054 2442 1173 2474 devota
1198 2441 1327 2473 theoria

1031 2489 1245 2524 Mercabatur
1271 2490 1420 2532 gratiam.

1319 2546 1354 2575 16
