1654 2756
139 349 200 382 la.

139 589 202 621 2a.
229 588 352 620 Auster
378 588 461 619 lenis
487 590 520 618 te
546 585 699 628 perflavit
846 585 908 619 2b.
933 585 1065 618 Florem
1091 595 1167 626 ergo
1195 586 1347 627 genuisti,

225 636 271 668 Et
297 635 468 677 perflando
495 634 695 676 fecundavit,
935 634 988 667 Ex
1015 644 1077 675 quo
1104 634 1245 667 fructum
1271 635 1446 675 protulisti,
1500 658 1503 661 -

227 685 424 724 Aquilonem
451 684 506 725 qui
533 684 659 725 fugavit
937 682 1083 716 Gabrieli
1112 683 1185 716 dum
1212 683 1301 716 fuisti

278 733 344 766 Sua
369 742 440 765 eum
468 733 626 774 potentia.
984 731 1214 774 Paranympho
1242 732 1387 767 credula,

142 827 202 858 3a.
229 825 401 858 Elisabeth
430 826 637 866 exclamavit,
848 824 908 858 3b.
938 825 1060 856 ventre
1087 825 1215 857 clausus
1244 826 1428 867 exsultavit,

231 875 300 907 Ista
327 874 403 906 dum
431 874 665 915 consideravit,
935 873 1029 905 Motu
1054 882 1179 914 quoque
1206 874 1361 906 salutavit

231 923 342 963 Ipsam
369 924 499 964 quando
527 922 672 955 visitavit
935 922 1115 964 Christum,
1145 931 1237 962 quem
1265 923 1311 954 tui
1337 923 1478 964 gestavit

281 972 350 1004 Tua
378 972 571 1004 reverentia.
985 971 1080 1003 Uteri
1108 971 1278 1004 munditia.

141 1066 202 1098 4a.
232 1065 257 1097 O
286 1073 353 1096 rem
380 1064 495 1096 miram
523 1068 554 1095 et
581 1063 762 1095 novellam!
846 1062 906 1095 4b.
936 1062 1089 1095 Nondum
1116 1067 1210 1094 natus
1237 1063 1393 1104 iubilizat,

232 1113 329 1144 Venit
356 1112 470 1144 mundi
498 1112 546 1143 sol
574 1113 615 1143 ad
636 1111 776 1151 stellam,
935 1111 1058 1143 Parens
1085 1115 1158 1142 uter
1183 1112 1398 1151 prophetizat,

228 1160 309 1193 Adit
338 1161 429 1201 virgo
457 1160 532 1192 dum
560 1159 705 1191 vitellam
933 1159 1032 1198 Virgo
1059 1168 1185 1199 quoque
1212 1159 1287 1191 hinc
1312 1160 1475 1200 hymnizat

279 1209 472 1241 Ministrans
498 1212 531 1239 ut
560 1206 693 1243 famula.
984 1207 1063 1247 Deo,
1090 1217 1109 1239 a
1135 1217 1198 1247 quo
1224 1208 1341 1241 omnia.

141 1303 203 1336 5a.
231 1301 334 1343 Ergo,
361 1302 501 1334 clemens
529 1305 562 1333 et
587 1300 726 1341 benigna
848 1299 908 1333 5b.
935 1301 965 1332 A
993 1303 1025 1330 te
1052 1308 1182 1342 semper
1208 1300 1386 1342 visitemur,

232 1352 495 1390 Cunctorumque
522 1350 619 1382 laude
648 1349 755 1390 digna,
936 1349 1056 1380 Maesti
1082 1358 1207 1389 quoque
1233 1351 1436 1381 consolemur

231 1399 302 1431 Tuo
329 1403 405 1431 nato
429 1409 487 1431 nos
515 1399 668 1439 consigna
936 1397 981 1428 Et
1008 1398 1039 1428 in
1068 1396 1131 1429 fine
1157 1398 1364 1431 sublevemur

282 1447 339 1480 Pia
369 1457 428 1487 per
453 1446 623 1488 suffragia,
985 1446 1038 1478 Ad
1068 1446 1147 1477 caeli
1175 1447 1309 1486 palatia.

210 1538 375 1566 Collectau.
408 1547 462 1566 ms.
491 1537 655 1566 Altaheuse
683 1539 753 1565 anni
783 1535 867 1564 1452.
909 1536 985 1565 Cim.
1013 1538 1170 1565 Monacen.
1197 1536 1283 1565 9508.
1316 1552 1354 1556 —
1388 1536 1441 1569 2a,
1466 1537 1480 1565 l

133 1578 218 1606 levis.
242 1593 279 1598 —
302 1578 380 1605 Eine
395 1577 614 1614 Nachahmung
634 1576 687 1604 der
705 1576 840 1613 Sequenz
864 1577 1116 1612 „Imperatrix
1137 1576 1340 1612 gloriosa“,
1363 1585 1480 1604 woraus

676 131 918 167 —67-

584 255 635 287 52.
668 255 703 287 In
724 253 921 287 Visitationo
943 255 1032 288 BMV.
1080 276 1083 278 -

229 347 404 381 visitatrix
431 348 585 389 gloriosa,

229 397 350 430 Potens
376 400 408 428 et
436 396 626 438 imperiosa,

228 447 304 480 Iesu
330 445 454 478 Christi
481 454 641 486 generosa

272 494 382 527 Mater
407 497 505 535 atque
531 494 610 528 filia.

138 1618 232 1645 vieles
257 1617 394 1644 wortlich
416 1616 552 1645 entlehut
573 1617 620 1643 ist.

144 1806 192 1838 la

142 1999 202 2031 2a.

145 2189 204 2223 32.

142 2382 203 2415 4a.

849 347 908 382 lb.
937 348 1047 381 Radix
1072 349 1160 381 Iesse
1186 348 1343 388 speciosa,

937 397 1037 437 Virga
1062 395 1181 429 florens
1209 402 1241 428 et
1268 395 1434 437 frondosa,

934 446 1036 486 Quam
1062 446 1183 486 rigavit
1208 446 1340 487 copiosa

985 493 1126 526 Deitatis
1152 495 1270 535 gratia.

586 1711 634 1744 53.
666 1711 700 1743 lu
722 1709 916 1743 visitatione
938 1710 1027 1742 Bmv.

195 1833 203 1840 .
231 1806 257 1838 Ο
284 1805 404 1848 Maria,

230 1855 325 1887 Vitae
352 1855 413 1898 via,

280 1902 351 1935 Lux
379 1908 411 1935 et
437 1904 525 1936 salus
551 1903 738 1943 hominum;

229 1997 279 2029 Tu
306 2005 339 2028 es
365 1997 471 2036 prima

230 2045 276 2078 Et
301 2046 409 2086 opima

281 2094 362 2135 Spes
388 2098 460 2135 post
487 2098 577 2128 tuum
604 2093 728 2136 filium3

232 2187 372 2221 Scandis
397 2188 506 2222 Salem

229 2237 411 2279 Specialem

280 2286 325 2320 Et
351 2291 584 2328 praegnantem
614 2287 737 2330 visitas,

231 2381 335 2414 Tuum
363 2384 475 2414 natum

231 2430 331 2463 Vates
358 2434 479 2472 vatum,

285 2478 438 2513 Clausum
465 2479 595 2512 clausus
622 2477 746 2518 sentiit,

847 1803 906 1839 lb.
935 1804 960 1837 O
989 1803 1116 1836 felicem

937 1852 1155 1891 Genetricem.

985 1904 1073 1943 Quae
1099 1902 1238 1942 portasti
1266 1903 1453 1934 Dominum.

847 1995 908 2031 2b.
937 1996 985 2028 Tu
1009 2005 1065 2028 ens
1094 1996 1159 2028 ima

936 2045 1084 2085 Purgans
1111 2054 1214 2088 zyma,

988 2095 1112 2134 culpae
1139 2093 1220 2126 dans
1248 2093 1415 2126 auxilium.

848 2187 913 2222 3b.
942 2188 1030 2226 Quae
1058 2195 1129 2218 mox
1159 2184 1273 2224 credit,

938 2235 1052 2268 Infans
1079 2234 1169 2266 dedit

989 2285 1058 2316 Deo
1085 2282 1198 2315 laudes
1225 2282 1364 2317 debitas.

848 2377 911 2412 4b.
942 2377 1019 2408 Post
1045 2375 1187 2408 velocem

940 2425 1094 2458 Gressum
1123 2434 1232 2458 vocem

991 2473 1127 2516 Quando
1153 2479 1240 2508 tuam
1267 2475 1383 2511 audiit.

1266 2531 1308 2561 5*
