1654 2756
175 245 196 279 8
208 255 238 280 a.
273 247 469 289 Augustino,

271 294 350 328 Flos
379 296 501 337 divine,

324 345 454 378 Palmes
481 346 568 379 mitis

324 394 430 427 Verae
458 395 544 438 vitis,

323 442 395 475 Uva
421 444 529 476 vinum

324 490 414 524 Dans
442 492 598 536 divinum,

371 539 493 580 Mellis⁷
520 541 614 574 lactis
641 540 746 581 copia,

883 251 947 286 8b.

984 251 1085 284 Tuam
1112 256 1240 291 gentem

978 299 1187 332 Insistentem

1027 348 1116 380 Tuae
1142 347 1229 380 laudi

1027 396 1175 429 Clemens
1201 396 1288 435 audi,

1026 445 1084 478 Pia
1110 453 1207 486 prece

1027 494 1134 533 Purga
1161 493 1251 526 faece

1077 541 1269 581 Christoque
1297 541 1443 581 concilia,

576 628 609 662 9.
639 628 682 661 Ut
711 637 782 660 cum
812 628 933 661 sanctis
959 629 992 660 in
1020 629 1122 668 gloria

637 676 860 709 Decantemus
886 676 1041 716 Alleluia,

257 774 341 801 Miss.
364 783 417 800 ins.
441 773 616 801 Arelatense
639 782 716 801 saec.
741 771 833 801 14s15.
856 773 918 801 cod
944 773 1205 809 Carpentoracten.
1245 772 1305 802 102.
1330 774 1362 800 Α.
1388 787 1423 792 -’
1439 774 1525 800 Miss.

174 813 340 842 Uceciense
367 814 439 848 imp.
463 813 600 848 Lugduni
632 811 716 840 1495.
740 814 772 839 B.
794 827 830 831 —
860 810 919 845 3b,
950 812 964 839 1
987 813 1067 839 Voce
1088 814 1121 840 B.
1145 829 1181 832 —
1209 810 1262 846 7a,
1284 810 1302 837 2³.
1323 812 1436 840 vivens
1459 813 1525 846 A153

176 853 293 919 ἔὶἰῦἑῗ
308 852 355 879 die
382 853 437 879 mit
456 852 643 887 Augustinus
666 850 836 879 Lebenden.
853 865 889 870 —
903 850 954 884 Sa,
977 851 994 879 5
1016 852 1085 879 Una
1107 853 1208 879 viuum
1231 853 1263 879 B.
1288 866 1323 870 —
1339 852 1394 883 δὴ,
1416 850 1431 877 7
1455 861 1524 879 cou-

179 1080 239 1111 Ja.

178 1263 240 1293 Za.

181 1447 241 1479 3a.

177 1634 238 1664 4a.

179 1820 238 1850 5a.

174 2005 235 2037 6a.

173 2189 234 2224 7a.

615 984 676 1017 176.
706 984 748 1016 De
770 986 880 1016 sancto
901 985 1089 1025 Augustino.

277 1077 455 1109 lubilemus
482 1076 648 1115 salvatori,

275 1126 335 1164 Qui
363 1128 537 1164 peccantes
555 1134 619 1156 non
640 1125 706 1156 vult
726 1124 818 1166 mori,

322 1174 387 1207 sed
417 1173 473 1205 dat
500 1174 565 1204 reis
592 1173 739 1214 veniam3

276 1260 402 1293 Doctor
428 1263 498 1292 erat
525 1261 578 1292 hic
605 1260 773 1292 doctorum

275 1309 320 1341 Et
345 1310 445 1341 totius
472 1309 552 1341 cleri
578 1308 712 1341 chorum

327 1358 411 1389 Vicit
437 1358 619 1398 sapientia3

280 1445 421 1478 Nostrae
432 1444 552 1478 fontem
565 1445 728 1477 Christum
740 1445 837 1486 vitae,

278 1494 415 1526 Fontem
443 1494 524 1526 lueis
550 1493 710 1536 infinitae,

326 1543 464 1575 Fontem
491 1543 683 1583 sapientiae,

275 1630 382 1662 Triste
411 1640 467 1662 cor
493 1634 524 1662 ct
550 1630 681 1662 anxium

274 1679 383 1712 Mater
410 1682 546 1720 propter
573 1677 674 1710 filiuni

322 1728 431 1760 Habet
458 1734 490 1760 et
516 1733 563 1760 est
591 1736 727 1768 aspera;

272 1817 391 1849 Matris
417 1824 515 1857 prece
541 1815 661 1847 flebilis

273 1865 416 1898 Mentem
443 1864 652 1897 indomabilis

322 1914 390 1946 Viri
417 1913 506 1946 Deus
535 1914 663 1954 visitat3

275 2003 398 2036 Scabra
425 2006 498 2034 cute
524 2002 695 2034 vetustatis

278 2051 375 2085 Pulsa
400 2051 486 2084 subit
514 2051 668 2083 novitatis

320 2101 429 2133 Decor
455 2106 487 2132 et
513 2101 703 2139 amoenitas,

272 2192 368 2224 lonas
396 2190 525 2223 clausus
549 2189 582 2221 in
612 2188 728 2222 balena

274 2241 394 2273 Laetus
422 2239 488 2272 exit
514 2239 556 2271 ad
585 2246 701 2270 serena

323 2289 375 2322 De
404 2289 527 2321 ventris
553 2287 756 2330 umbraculo,

172 2379 233 2412 8a.
267 2378 470 2420 Augustinus
497 2376 539 2410 ab
567 2385 679 2408 errore

271 2428 407 2469 Sumpto
434 2426 539 2459 sancti
566 2425 665 2458 fontis
693 2435 766 2458 rore

321 2475 508 2516 Christique
533 2474 711 2516 signaculo.

884 1075 945 1109 lb.

883 1261 945 1294 2b.

883 1447 945 1480 3b.

883 1633 948 1666 4b.

883 1819 949 1851 5b.

881 2005 946 2039 6b.

884 2192 945 2225 7b.

884 2378 948 2410 8b.

984 1077 1045 1117 Qui
1071 1077 1223 1116 gentilem
1250 1077 1465 1117 Augustinum

979 1126 1032 1158 Ad
1060 1124 1174 1156 salutis
1201 1134 1342 1156 summae
1369 1126 1473 1157 sinum

1029 1173 1165 1205 Vocavit
1192 1182 1250 1213 per
1277 1173 1426 1212 gratiam.

983 1262 1104 1294 Summi
1131 1265 1238 1292 tamen
1265 1262 1423 1301 sapientis

983 1310 1162 1350 Lippitudo
1188 1319 1265 1341 suae
1293 1311 1413 1341 mentis

1033 1358 1205 1398 Indigebat
1232 1359 1348 1399 gratia.

983 1447 1157 1487 Ignorabat
1185 1447 1323 1487 penitus,

982 1495 1046 1528 Sed
1072 1500 1175 1527 mater
1203 1494 1257 1526 dat
1285 1495 1422 1535 gemitus

1031 1544 1095 1576 Pro
1122 1548 1198 1576 nato
1226 1544 1370 1576 cottidie.

983 1633 1068 1665 Dum
1096 1632 1271 1672 perpendit
1300 1632 1427 1664 devium

981 1681 1079 1713 Suum
1106 1682 1327 1721 puerperium,

1029 1729 1196 1762 Tristatur
1223 1739 1395 1770 puerpera.

986 1817 1031 1852 Ut
1057 1819 1205 1850 immutat
1233 1820 1386 1859 animum,

982 1868 1041 1900 Vir
1068 1869 1177 1899 statim
1204 1868 1445 1900 sanctissimum

1029 1918 1081 1950 Ad
1104 1917 1300 1956 baptismum
1329 1918 1478 1949 cursitat.

987 2006 1111 2038 Crescit
1139 2005 1221 2038 odor
1248 2004 1443 2041 honestatis,

982 2054 1148 2087 Dilatatur
1176 2053 1323 2086 caritatis

1031 2103 1075 2135 Et
1100 2103 1256 2134 virtutum
1284 2102 1432 2134 claritas.

981 2190 1098 2231 Ioseph
1123 2191 1226 2222 iustus
1256 2191 1295 2222 de
1323 2191 1469 2223 cisterna

980 2241 1021 2272 Et
1050 2239 1168 2272 Daniel
1197 2239 1237 2271 de
1264 2248 1407 2272 caverna

1031 2289 1150 2321 Pressa
1176 2288 1263 2329 regis
1291 2289 1426 2328 annulo,

984 2376 1063 2410 Mox
1091 2375 1205 2408 scribit
1234 2379 1263 2407 et
1292 2377 1428 2410 instruit

977 2426 1019 2458 Et
1049 2425 1199 2458 haereses
1227 2425 1367 2458 destruit

1028 2475 1066 2506 ln
1093 2474 1207 2507 labore
1234 2475 1360 2509 sedulo.
