1654 2756
718 162 980 199 —157—

201 257 263 290 6a.
290 257 336 291 Ut
362 259 528 292 modernis
555 260 612 292 det
638 261 797 301 exempla,
911 261 971 294 6b.
999 261 1135 294 Sanctos
1162 260 1224 292 Dei
1251 266 1498 302 persequentem

289 307 436 348 Quinque
446 312 576 341 struens
590 309 679 342 dotat
689 309 813 350 templa
999 309 1159 342 Palatium
1189 310 1245 342 dat
1271 313 1431 341 amentem

338 355 446 398 Larga
473 365 582 389 rerum
611 359 715 399 copia.
1045 360 1147 392 Prece
1174 359 1264 390 caelo
1291 358 1415 398 pervia.

205 443 265 478 73.
292 443 392 483 Quem
407 444 581 477 obumbrat
594 446 811 478 celebrantem
911 446 929 478 7
938 446 968 479 b.
998 447 1097 486 Mala,
1125 445 1241 485 quibus
1269 445 1332 476 iam
1361 450 1497 477 vexatur

289 491 411 525 Missas
437 502 554 525 arasve
580 498 764 526 sacrantem
997 493 1158 533 Mundus,
1187 494 1277 526 caelo
1304 494 1512 533 speculatum

341 540 506 583 Splendor
532 541 614 575 lucis
641 542 793 575 caelicae.
1045 542 1098 575 Ab
1125 550 1202 574 orco
1230 542 1380 574 horritice

201 629 262 661 83.
291 627 863 670 Sanctusmigrat,quemsanctorum
906 629 969 662 Sb.
999 629 1083 661 Navi
1109 629 1204 660 datus
1231 638 1290 669 per
1316 637 1350 660 se
1377 630 1457 661 citus·

290 675 416 716 Capsae
433 678 566 720 cingunt
585 682 807 720 patronorum,
996 678 1142 710 Rhenum
1153 678 1280 716 transit,
1295 678 1514 717 carpenslitus

341 725 498 758 Processu
525 726 710 766 septemtlii.
1044 725 1182 758 Altioris
1211 724 1311 757 fluvii.

202 813 264 846 9a.
294 811 339 844 Ut
365 812 397 844 in
427 814 513 845 curis
539 813 767 854 languidorum
908 813 967 847 9b.
997 814 1081 846 Novi
1109 813 1188 845 civis
1215 812 1405 844 meritorum

289 860 333 893 Et
359 861 523 901 pressuris
549 870 779 902 oppressorum
997 862 1110 894 Fascis
1135 862 1271 903 pandit,
1300 861 1513 901 malignorum

337 909 398 941 Dei
427 910 630 951 dispensatio
1045 912 1159 944 Cessat
1185 909 1369 942 aemulatio.

176 996 259 1030 loa.
288 997 314 1031 Ο
341 997 479 1038 largitor
504 998 608 1029 omnis
635 997 722 1039 boni,
882 999 925 1031 10
938 997 970 1029 b.
1000 998 1042 1030 Ut
1067 997 1244 1038 psallamus
1272 1004 1342 1026 cum
1371 995 1484 1027 bento:

287 1045 384 1078 Tanti
411 1047 514 1086 patris
541 1055 579 1078 ac
605 1046 735 1086 patroni
994 1046 1068 1077 'sibi
1095 1046 1181 1084 patri
1204 1046 1246 1076 sit
1272 1053 1309 1075 ac
1336 1048 1411 1075 nato

336 1093 435 1126 Salva
463 1103 520 1127 nos
546 1094 677 1136 intuitu,
1043 1094 1129 1126 Laus
1155 1102 1226 1124 cum
1253 1096 1365 1124 sancto
1384 1093 1513 1131 spiritu.

244 1181 329 1207 Miss.
352 1180 534 1208 coloniense
555 1181 626 1216 imp.
642 1180 769 1207 Parisiis
794 1178 877 1207 1514.
892 1179 927 1206 A.
950 1193 986 1198 —
1001 1179 1086 1207 Miss.
1103 1178 1281 1206 Coloniense
1304 1179 1373 1212 imp.
1391 1177 1515 1203 Parisiis

165 1217 364 1246 1520.15.—
390 1217 444 1251 lb,
471 1217 489 1246 3
511 1219 603 1246 Praes
607 1219 705 1246 ulatus
728 1218 789 1246 AB.
812 1233 848 1238 --
871 1217 929 1249 43,
959 1216 978 1245 2
1002 1219 1059 1245 Mis
1047 1226 1142 1245 serere
1165 1218 1199 1244 A.
1223 1232 1258 1235 —
1283 1215 1339 1242 :Sin
1358 1215 1375 1241 3
1398 1217 1421 1242 A
1444 1216 1468 1241 fe
1473 1214 1517 1240 lilt

162 1257 224 1285 AB.
246 1273 285 1278 —
306 1255 359 1288 9b‚
382 1256 400 1284 2
422 1259 457 1285 L.
480 1257 588 1285 Fasces
599 1260 611 1275 ³
632 1255 766 1290 -103,
791 1256 804 1284 1
829 1266 914 1285 omne
937 1257 1006 1284 boni
1032 1258 1066 1284 A.

609 1352 669 1382 168.
702 1350 743 1382 De
764 1352 874 1383 saneto
896 1350 1064 1390 Ausgario.

175 1436 232 1467 la.
262 1435 374 1467 Virtus
401 1433 506 1466 sancti
532 1434 667 1473 spiritus
882 1433 942 1467 lb.
972 1433 1064 1472 Quod
1088 1430 1151 1462 fide
1179 1430 1340 1462 catholica

263 1482 436 1515 Radiando
462 1481 599 1514 caelitus
970 1481 1057 1513 Gens
1084 1481 1244 1511 instructa
1274 1479 1395 1510 Daniea

309 1529 470 1562 Informat
496 1531 705 1570 Ansgarium.
1016 1529 1091 1561 Fiat
1117 1537 1193 1567 pars
1224 1527 1377 1559 fidelium.

172 1621 234 1652 23.
262 1621 301 1652 In
329 1618 462 1650 deorum
491 1617 631 1650 cultibus
878 1617 941 1652 2b.
969 1617 1087 1649 Mundi
1114 1620 1203 1647 stans
1229 1616 1264 1647 in
1292 1614 1404 1645 ultimo

258 1668 302 1700 Et
329 1676 476 1699 errorum
503 1665 658 1699 fluctibus
969 1666 1059 1698 Patri
1087 1665 1183 1696 datur
1210 1665 1332 1704 optimo

309 1716 445 1757 Agitata
472 1715 600 1753 Saenia,
1016 1713 1216 1746 illustranda
1245 1712 1362 1753 gratia.

170 1805 230 1839 3a.
256 1803 356 1844 Regis
383 1803 448 1836 dux
472 1804 617 1844 empyrei
879 1801 939 1837 3b.
969 1803 1034 1834 Pro
1062 1801 1201 1834 catervis
1230 1799 1368 1832 hostium

258 1852 457 1893 Margaritas
484 1852 559 1885 fidei
969 1851 1059 1883 Caeli
1086 1849 1201 1890 pandit
1228 1848 1345 1881 ostium

308 1900 441 1942 Spargit
466 1899 663 1944 infidelibus,
1019 1898 1125 1941 Signis
1155 1903 1184 1930 et
1213 1897 1400 1930 virtutibus.

169 1991 229 2023 4a.
258 1990 325 2022 Iam
353 1991 500 2022 conversi
527 1989 646 2030 perfidi
877 1987 941 2023 4b.
971 1988 1085 2020 Cessat
1114 1987 1218 2018 cultus
1246 1985 1337 2025 idoli,

260 2038 425 2072 Christum
452 2043 614 2080 quaerunt
640 2038 760 2071 fervidi
969 2038 1067 2069 Astat
1094 2035 1175 2067 fides
1203 2033 1316 2075 populi

307 2087 399 2120 Totis
427 2087 620 2129 desideriis;
1021 2085 1142 2118 Cbristi
1170 2082 1352 2115 sacrificiis.

168 2179 229 2211 5a.
257 2177 396 2219 Christe,
425 2177 481 2210 lux
511 2176 730 2218 credentium,
881 2175 941 2209 5b.
971 2174 1021 2206 Da
1049 2172 1178 2204 virtutis
1205 2169 1368 2209 meritum,

256 2225 369 2259 Dulcis
395 2235 487 2259 amor
512 2225 681 2265 mentium,
967 2222 1019 2254 Da
1045 2220 1159 2253 salutis
1187 2220 1312 2251 aditum

303 2275 384 2308 Eius
411 2274 596 2316 patrocinio
1016 2271 1052 2302 In
1078 2269 1213 2310 perenni
1240 2266 1369 2309 gaudio.

233 2362 319 2390 Miss.
347 2371 401 2390 ms.
427 2363 476 2399 Up
479 2361 597 2390 salense
627 2370 704 2389 saec.
733 2358 777 2388 15.
820 2359 892 2387 Cod.
922 2357 968 2393 Up
971 2357 1063 2384 salen.
1092 2356 1114 2383 C
1142 2353 1210 2382 420.
1232 2354 1266 2381 A.
1289 2367 1326 2372 —
1348 2353 1431 2380 Miss.
1460 2362 1512 2380 1115.

154 2402 304 2430 Scarense
331 2409 410 2429 saec.
441 2400 486 2430 15.
529 2401 601 2429 Cod.
628 2401 677 2437 Up
680 2399 772 2428 salen.
801 2399 825 2426 C
852 2395 920 2425 427.
949 2397 984 2424 Β
1006 2410 1042 2414 -
1070 2394 1192 2422 Collect.
1221 2403 1274 2421 ms.
1302 2392 1508 2420 Vadstenense

155 2439 310 2469 saee.15.
355 2411 831 2478 Cod.Upsalen.Cp23.C-—
853 2435 944 2466 Grad.
967 2431 1152 2471 [Suecicum]
1174 2434 1244 2469 imp.
1268 2432 1407 2460 Lubeeae
1432 2429 1512 2460 149*

152 2480 190 2508 D.
212 2494 250 2499 —
275 2477 361 2512 1b‚2
381 2479 462 2508 Gens
493 2481 617 2507 instruit
637 2483 670 2506 tu
692 2479 811 2506 Daniea
831 2477 867 2504 A.
882 2490 920 2495 -—
941 2473 1025 2508 4a,1
1049 2475 1124 2502 Nam
1149 2473 1184 2500 D.
1200 2487 1238 2491 —
1253 2471 1396 2500 Melodie:
1420 2472 1445 2499 V
1453 2471 1511 2499 eni

153 2522 286 2546 sancte
307 2519 479 2555 spiritus.
510 2535 541 2539 —
563 2518 624 2547 Cfr.
645 2518 819 2553 Klemm'mg
839 2516 865 2550 Ι,
886 2512 904 2543 8
927 2523 971 2550 sq.
