1654 2756
628 119 676 123 —
748 99 912 135 152—

93 197 176 229 11a.
217 199 243 231 O
270 197 459 238 spectabilis
484 195 617 236 Albine,
795 198 838 231 11
853 197 886 231 b.
913 199 1097 238 Ingruentis
1122 199 1236 232 mortis
1263 200 1342 230 hora

213 246 276 278 Vas
303 247 440 278 electum
467 245 536 276 sine
561 243 625 276 fine
904 246 1079 290 Christum,
1107 247 1228 281 Christi
1255 249 1390 285 martyr,

211 294 328 334 Aegris
355 298 424 324 esto
451 291 640 332 medicinae,
1186 305 1255 335 ora,

213 341 306 385 Salus
334 344 422 372 tutor
447 345 480 371 et
506 340 618 372 ruinae
908 342 1131 383 Interrumpat
1156 353 1197 375 ne
1223 352 1280 375 nos
1307 349 1410 382 mora,

262 389 376 420 Totius
401 387 562 420 miseriae.
911 389 1026 430 Dignis
1051 391 1137 422 votis
1162 390 1295 424 elabora

964 438 1028 470 Pro
1054 440 1189 478 perenni
1209 438 1331 479 requie.

169 522 251 549 Miss.
275 531 326 549 ms.
350 521 379 549 S.
401 522 516 550 Mariae
538 521 569 548 in
591 521 742 556 Capitolio
765 529 842 549 saec.
861 520 933 550 ¹⁴l15.
966 522 1035 551 eod.
1053 522 1082 551 S.
1097 523 1212 552 Mariae
1233 525 1264 550 in
1281 522 1432 559 Capitolio

93 560 248 588 Colonien.
271 570 294 587 s.
315 570 344 588 u.
366 562 399 587 A.
421 574 458 579 —
479 560 618 587 Oration.
645 563 674 587 et
701 559 834 596 Sequent
860 569 914 588 ms.
940 561 1107 598 Campense
1135 564 1206 589 anni
1235 559 1320 590 1462.
1360 560 1432 589 Cod.

92 599 304 627 Darnistadien
325 597 390 627 521.
414 600 445 626 B.
469 614 506 617 —
527 596 579 630 23,
603 595 620 625 2
642 602 671 625 et
698 601 889 633 peccatorum
909 601 944 627 A.
966 615 1002 619 —
1024 598 1076 634 3a,
1097 599 1115 627 4
1136 609 1180 635 sq.
1201 600 1283 628 Deus
1305 607 1432 636 magnus

92 641 181 673 atque
203 637 363 666 laudabilis
383 639 387 668 Ι
406 639 445 665 Et
468 639 498 664 in
520 637 631 664 sanctis
654 641 743 671 atque
767 637 913 664 mirabilis
927 638 962 664 A.
977 652 1015 656 —
1029 635 1079 670 3a,
1095 637 1113 665 5
1134 639 1249 666 exaltat
1270 642 1431 673 martyrem

91 676 125 702 A.
148 690 184 695 —-
206 676 260 712 4a,
285 676 297 704 1
322 676 429 704 Clerici
451 677 570 712 quidem
592 676 626 703 Β.
650 690 685 694 —
707 673 758 707 Ga,
781 671 799 700 2
819 675 923 702 videus
939 678 973 703 A.
995 693 1029 697 —
1055 675 1105 706 7b.
1130 675 1144 703 1
1167 686 1249 704 mora
1271 685 1331 704 non
1348 677 1382 704 Β.
1399 692 1434 695 -—

94 713 164 747 111),
190 713 201 741 1
226 716 385 751 Ingruente
400 716 432 742 B.
450 729 484 733 —
501 714 631 741 Melodie
653 713 802 740 offenbar:
825 713 950 741 Lauda
971 714 1067 742 Sion.
1085 730 1119 734 —
1139 714 1324 743 Uberschrift
1345 717 1377 742 in
1391 715 1433 742 B:

94 753 156 787 „De
190 758 292 781 sancto
319 754 429 782 Albino
463 755 678 788 protomartyre
704 751 845 787 Angliae‚
878 753 962 780 cuius
995 761 1102 788 corpus
1134 754 1165 780 in
1197 755 1378 780 monasterio
1418 762 1440 779 s.

92 791 307 820 Panthaleonis
334 794 364 819 in
393 791 519 820 Colonia
546 788 733 826 requiescit“.
756 803 793 808 ——
814 790 942 818 Albinus
971 791 1031 818 und
1052 791 1187 819 Albanus
1215 794 1442 827 (protomartyr

93 830 231 866 Angliae)
253 831 367 858 werden
389 829 583 858 bekanntlieh
606 828 806 856 identifiziert.

449 953 502 984 161.
537 953 568 983 in
592 953 673 983 sesto
696 959 720 981 s.
743 950 887 982 Andreae
913 951 1060 992 apostoli.

95 1045 153 1077 la.
199 1045 304 1077 Corda
330 1045 477 1076 manibus
503 1045 651 1076 leventur
809 1043 867 1076 1b.
896 1044 1000 1074 Adest
1031 1043 1110 1084 dies,
1139 1053 1200 1083 quo
1228 1043 1341 1076 beatus

196 1093 237 1123 Et
265 1093 389 1124 sonoris
417 1093 636 1124 accendentur
895 1090 980 1122 Hinc
1007 1091 1158 1122 Andreas
1185 1095 1233 1123 est
1260 1095 1393 1123 vocatus

243 1141 384 1171 Yocibus
412 1141 623 1181 praecordia;
943 1138 996 1170 Ad
1024 1139 1105 1169 caeli
1131 1139 1263 1177 palatia.

93 1227 111 1259 2
128 1235 156 1258 a.
194 1226 275 1257 Rete
310 1227 471 1265 quondam
498 1226 611 1257 laxans
639 1225 729 1265 mari,
808 1225 867 1259 2b.
897 1225 968 1257 Uno
994 1225 1214 1264 praedicantis
1243 1226 1330 1257 dicto

193 1273 289 1306 Dono
315 1277 438 1305 tractus
464 1273 620 1313 singulari
896 1271 1123 1304 Gubernaculo
1146 1273 1260 1305 relicto

244 1321 297 1352 Fit
324 1323 467 1361 piscator
493 1321 664 1354 hominum.
943 1320 1090 1352 Imitatus
1119 1321 1301 1354 Dominum.

100 1409 158 1442 32.
195 1408 255 1439 Hie
284 1408 357 1439 dum
384 1407 516 1439 verbum
544 1406 637 1438 offert
670 1406 734 1438 Dei
804 1407 866 1440 3b.
895 1406 989 1439 Furit
1016 1412 1173 1447 tyrannus
1200 1410 1338 1449 AegeaS,

193 1455 299 1495 Signis
326 1455 463 1497 pollens,
491 1464 563 1487 mox
590 1454 712 1486 Achaei
896 1455 1012 1487 Caesus
1039 1454 1148 1496 flagris
1174 1462 1204 1488 et
1231 1457 1383 1489 Andreas

245 1504 305 1536 Dei
332 1504 468 1535 credunt
494 1503 570 1535 filio.
945 1504 1124 1536 Damnatur
1150 1506 1337 1546 suspendio,

102 1592 163 1625 4a,
199 1591 301 1622 Biduo
329 1596 478 1630 perstans
504 1591 536 1622 in
562 1590 673 1630 poenis
804 1591 866 1622 41).
893 1591 936 1622 Et
962 1599 1002 1622 ne
1029 1590 1120 1622 vivus
1148 1592 1242 1623 cedat
1271 1593 1370 1630 cruci,

199 1639 361 1670 Christum
387 1638 555 1678 praedicat
583 1638 691 1678 egenis
894 1639 935 1670 Se
962 1639 1121 1670 commisit
1149 1648 1271 1671 summo
1300 1640 1374 1672 duci

244 1687 370 1727 Spretis
396 1686 602 1728 cruciatibuS,
944 1686 1129 1719 Ferendum
1156 1689 1362 1722 caelestibus.

96 1777 157 1807 52.
194 1774 334 1806 Pectora
359 1775 533 1806 tundentes
560 1783 614 1806 rea
807 1774 864 1808 51).
893 1774 937 1807 Ut
964 1775 1052 1806 exuti
1080 1775 1185 1807 carnis
1211 1777 1296 1808 moie

194 1822 382 1862 Rogitamus
409 1826 450 1860 te,
478 1822 622 1861 Andrea,
891 1822 1078 1855 Mereamur
1104 1833 1180 1856 vero
1207 1825 1274 1856 sole

240 1870 421 1903 Alternatis
448 1869 610 1912 precibus,
939 1871 1019 1903 Frui
1047 1880 1116 1903 cum
1144 1873 1325 1907 caelitibus.

173 1967 262 1994 Grad.
293 1975 344 1992 ms.
376 1965 542 1993 Praedicat.
572 1965 772 1993 Insulensium
800 1965 946 1997 (Arosiasf)
973 1975 1048 1994 saec.
1072 1966 1146 1995 ¹5'1e.
1190 1969 1261 1997 Cod.
1292 1971 1435 2006 Upsaleu.

99 2007 121 2080 ζ’
137 2004 254 2079 5413&—
271 2005 320 2037 11»,
337 2004 354 2032 3
369 2006 464 2032 neben
481 2003 629 2040 „palatia“
648 2004 695 2031 die
710 2003 877 2032 Korrektur
894 2006 1058 2041 „fastigia‘t
1073 2021 1108 2025 —
1123 2007 1178 2035 Ct'r.
1195 2009 1366 2046 Klemming
1380 2011 1435 2042 111,

577 2117 637 2149 162.
670 2117 712 2149 De
731 2119 843 2148 saneta
864 2118 963 2149 Anna.

507 2212 539 2244 1.
566 2211 647 2249 Ave,
674 2211 789 2248 mater,
815 2207 886 2240 Deo
914 2208 1021 2249 digna,

560 2267 629 2300 ave,
657 2256 756 2295 mitis,
786 2256 890 2289 dulcis
915 2260 947 2288 et
973 2256 1122 2298 benigna.

98 2359 158 2391 22*
196 2359 276 2397 Ave,
304 2357 359 2398 pia
382 2356 479 2388 laude
809 2352 871 2386 21).
898 2353 978 2392 Quia
1005 2363 1066 2393 per
1094 2358 1125 2386 te
1151 2357 1237 2387 venit

195 2405 381 2446 dignissima
407 2404 581 2443 hominum,
898 2401 995 2441 salus,
1023 2410 1098 2442 spes
1125 2407 1156 2435 et
1182 2405 1344 2443 gaudium.
