1654 2756
716 164 980 200 —233—

197 265 258 298 2a.
289 262 344 296 Ad
370 261 541 296 sublimem
569 263 651 295 caeli
677 267 797 297 statum
902 264 965 300 2b.
998 264 1063 298 Ubi
1087 264 1199 297 nidum
1226 264 1397 298 collocavit

296 312 418 346 Volane
446 316 541 344 vocat
566 311 609 345 ad
636 312 780 345 volatum
996 314 1040 346 Et
1065 313 1194 346 adultos
1220 311 1306 345 fetus
1331 313 1391 346 alit

343 360 457 394 Pullos
484 370 558 394 suos
585 362 705 402 aquila,
1052 361 1151 394 Verbi
1177 361 1239 393 Dei
1264 362 1380 395 simila.

197 451 259 483 33.
291 448 357 482 Ubi
383 457 508 481 summa
533 449 614 481 latet
640 448 742 489 quies,
903 449 965 483 3b.
998 449 1068 481 Hoc
1095 450 1254 482 Iohannes
1290 450 1330 482 de
1357 448 1521 491 profundo

294 497 360 531 Ubi
388 497 522 530 verbum
549 497 611 530 Dei
639 497 709 530 dies
999 498 1075 530 Toti
1101 503 1222 530 certum
1250 499 1352 531 traxit
1377 497 1507 537 mundo,

343 546 417 579 Diei
443 549 601 582 eructuat.
1048 547 1140 588 Quod
1166 547 1253 579 ultra
1278 557 1340 578 non
1375 546 1519 579 fluctuat.

197 636 258 668 4a.
291 633 424 666 Caelum
452 633 533 666 caeli
560 633 745 673 penetravit
903 635 966 667 4a.
998 633 1175 674 Tamquam
1193 633 1301 675 fulgur
1312 635 1352 666 de
1363 634 1421 666 sub
1432 634 1521 666 caelo

293 681 340 714 Et
366 681 488 714 celatas
512 681 673 713 reseravit
1001 681 1077 714 Solo
1103 683 1195 714 verbi
1221 683 1339 714 stravit
1362 683 1428 714 telo

343 731 430 771 Opes
456 729 656 770 sapientiae;
1050 732 1265 772 congressum
1292 731 1460 771 perfidiae.

199 819 261 850 5a.
293 817 532 858 supergressus
558 816 705 850 umbram
734 819 781 850 rei
904 817 966 850 5b.
998 818 1080 850 Esse
1108 828 1214 850 rerum
1236 817 1380 859 formam,
1411 819 1519 859 vitam,

294 867 378 899 Rem
403 874 596 907 progressus
622 865 745 907 speciei
1001 867 1040 899 In
1065 870 1197 899 auctore
1224 876 1331 899 rerum
1358 868 1454 899 sitam

345 914 438 947 Vidit
463 914 670 956 specialiter3
1049 915 1157 948 Sensit
1182 916 1402 948 aeternaliter.

197 1003 258 1035 63.
291 1002 328 1035 In
354 1001 458 1043 ipsius
485 1006 597 1034 centro
624 1003 701 1034 solis
905 1001 967 1035 6b.
1001 1002 1115 1033 Parem
1143 1003 1228 1042 patri
1254 1004 1492 1042 contemplatur

294 1049 378 1083 Solis
405 1051 487 1093 veri,
515 1058 610 1082 verae
636 1050 750 1091 prolis,
1001 1049 1119 1082 Natum
1147 1055 1178 1082 et
1205 1050 1266 1082 hoc
1292 1054 1468 1085 attestatur

346 1099 503 1132 Unionem
532 1099 663 1140 reperit.
1053 1098 1179 1137 verbis,
1208 1100 1340 1140 seriptis
1366 1102 1493 1135 asserit.

198 1187 260 1219 7a.
291 1186 356 1219 Hic
381 1187 415 1218 in
441 1185 520 1218 rivis
547 1185 652 1218 maior
675 1185 775 1226 rivus,
903 1184 964 1216 71».
997 1184 1060 1216 Hic
1087 1185 1275 1218 coniunctus
1304 1196 1380 1219 vero
1407 1186 1488 1219 fonti

291 1235 378 1275 Quos
403 1233 525 1266 divisos
552 1243 591 1266 ex
618 1242 652 1265 se
681 1234 772 1266 vivus
998 1233 1104 1264 Tanto
1131 1233 1242 1275 maior,
1272 1240 1392 1273 quanto
1419 1237 1521 1268 monti

341 1283 429 1316 Fons
463 1281 591 1323 profert
618 1282 815 1322 viventium;
1047 1281 1102 1313 Fit
1129 1281 1253 1313 vicinus
1280 1284 1446 1316 montium.

191 1371 254 1405 ea.
286 1371 327 1404 In
354 1370 483 1403 dilectis
509 1369 695 1410 praelectus
900 1368 966 1402 eb.
998 1369 1097 1402 Unde
1122 1378 1198 1401 vase
1225 1371 1323 1410 pleno
1351 1370 1467 1413 hausit,

290 1418 383 1453 Infra
410 1428 522 1451 cenam
549 1427 648 1459 super
672 1422 786 1459 pectus
996 1418 1088 1458 Quod
1115 1418 1155 1450 ab
1183 1427 1262 1451 aevo
1289 1418 1377 1451 Deus
1406 1420 1523 1452 clausit

338 1467 511 1508 Requievit
535 1466 680 1501 Domini.
1046 1467 1089 1498 Et
1117 1467 1235 1499 celavit
1262 1468 1395 1500 homini.

190 1558 253 1590 9a.
286 1556 405 1596 Spreto
431 1564 516 1587 nexu
543 1554 687 1587 maritali
901 1554 963 1587 9b.
997 1554 1060 1586 Hic
1087 1554 1270 1594 symmistes
1297 1555 1412 1586 summi
1436 1555 1522 1596 regis

287 1604 349 1638 Dei
377 1603 477 1636 verbo
503 1603 638 1643 speciali
1000 1602 1093 1635 Nova
1119 1603 1210 1635 novit
1237 1612 1339 1636 novae
1367 1604 1448 1644 legis

313 1653 495 1694 Copulatur
521 1651 674 1691 foedere3
1045 1651 1166 1684 Edicta
1192 1661 1385 1693 proponere.

165 1744 249 1776 103.
283 1742 362 1775 Cum
383 1741 424 1774 de
452 1749 548 1773 cruce
567 1739 718 1773 Christus
745 1749 811 1772 ma·
875 1739 920 1772 10
933 1738 963 1771 b.
996 1738 1091 1772 Felix
1117 1739 1212 1772 homo
1240 1740 1310 1772 sine
1336 1741 1419 1781 pari,

573 1793 656 1821 trem
996 1788 1068 1820 Hoc
1094 1788 1127 1820 in
1156 1789 1241 1821 dono
1267 1789 1425 1831 singulari

283 1839 338 1872 Illi
365 1837 482 1879 credit,
510 1837 573 1870 sibi
600 1836 737 1870 fratrem
1044 1837 1116 1870 Non
1143 1838 1289 1870 admittit
1315 1839 1448 1871 socium.

339 1887 448 1927 Crem,
476 1887 574 1919 matri
600 1885 713 1919 filium.

162 1977 248 2010 113.
283 1975 469 2017 Adoptivus
497 1974 633 2015 speciali
873 1974 961 2008 11b.
993 1974 1031 2008 In
1058 1983 1201 2015 superna
1228 1984 1309 2015 pace
1336 1976 1460 2016 iungat,

286 2023 390 2057 Natus
417 2024 480 2056 iste
505 2023 649 2056 naturali
994 2023 1058 2056 Ubi
1085 2024 1175 2056 nulla
1202 2033 1259 2056 nos
1285 2029 1480 2066 compungat

334 2073 404 2106 Nos
430 2082 491 2114 per
516 2077 653 2105 matrem
684 2071 749 2104 filio
1043 2073 1208 2105 Malorum
1237 2071 1396 2105 confusio.

238 2180 330 2210 Grad.
348 2190 401 2208 ms.
414 2179 803 2216 AmoldiAquisgranensis
816 2187 893 2208 saec.
909 2177 954 2207 13.
966 2182 1006 2207 in.
1020 2179 1091 2206 Cod.
1105 2178 1203 2215 Capit.
1215 2179 1436 2215 Aquisgranen.
1450 2180 1519 2208 XII.

529 2305 598 2336 258.
641 2304 682 2335 lle
705 2311 729 2335 s,
751 2303 892 2336 Iohanne
915 2303 1148 2344 Chrysostomo.

186 2399 244 2432 13.
281 2398 435 2433 Glorioso
461 2399 657 2440 chrystomo
903 2396 957 2430 1b.
992 2395 1075 2429 Nam
1102 2405 1163 2437 pro
1190 2397 1316 2438 magnis
1340 2398 1518 2431 virtutibus

281 2448 413 2481 Laudes
438 2453 572 2489 promat
587 2446 694 2480 omnis
710 2445 807 2478 homo
991 2445 1095 2479 Simul
1124 2455 1195 2478 cum
1222 2446 1346 2478 sanctis
1365 2447 1518 2480 omnibus

332 2496 413 2530 Cum
439 2496 548 2530 cordis
574 2495 722 2534 laetitia3
1042 2494 1238 2536 Triumphat
1262 2496 1295 2528 in
1321 2496 1439 2537 gloria.
