1654 2756
714 149 955 186 -39-

873 248 934 282 ab.
960 249 1112 281 Surrexit
1138 247 1190 280 die
1214 248 1312 280 tertia

960 298 1082 330 virtute
1108 306 1166 330 sua
1191 297 1284 337 mira,

961 346 1083 378 caelica
1108 355 1192 378 nunc

171 243 235 276 68.
263 243 415 279 Christus
440 247 498 279 ilie
522 251 645 288 noster,
672 253 776 282 morte

259 303 354 334 quem
382 304 439 328 vos
465 297 605 337 punistis
629 298 700 330 dira

258 344 441 377 nescientes

257 391 338 433 legis
364 397 551 434 praecepta,
959 398 1049 426 tenet
1073 395 1222 427 culmina.

170 469 232 504 7a.
259 469 356 503 Unde
378 471 477 504 iude-x
873 471 932 505 7b.
960 472 1015 504 Ad
1041 472 1122 504 haec
1147 476 1280 512 stupens

257 523 304 550 est
332 523 497 561 venturus,
525 524 641 551 cuncta
958 529 1072 552 manus
1097 520 1247 553 Iudaica:

256 567 416 599 iudicabit
962 568 1067 611 „Date
1093 568 1197 608 nobis,

257 624 443 655 proponens
469 615 587 657 omnia,
959 615 1090 655 fratres,
1119 617 1263 656 consilia,

255 665 434 696 maiestatis
959 675 998 697 ne
1025 676 1083 698 nos
1109 666 1263 698 damnent

959 715 1017 746 illa
1042 712 1198 747 iudicia“.

959 762 1012 795 Sic
1035 768 1142 795 mente
1170 766 1301 802 recepta

959 811 1168 852 baptizantur
1191 812 1293 843 multa
1319 811 1418 844 milia.

255 713 373 744 sedens
397 713 430 744 in
457 712 574 752 gloria.

255 761 331 800 lpse
358 760 437 793 fecit
463 761 528 792 ista

253 818 313 848 per
343 819 402 842 nos
428 809 461 840 in
488 809 580 841 vobis
609 808 799 843 miracula“.

167 886 228 919 8a.
254 887 326 918 Hoc
353 887 431 919 fecit
458 887 514 919 illa
541 887 624 920 bona
872 889 931 924 8b.

255 936 360 976 gratia
388 935 516 977 deifica,

958 890 1046 929 Quae
1073 890 1136 921 cito
1163 899 1265 929 prava
1292 889 1392 921 corda

959 939 1121 970 convertit
1146 938 1187 969 ad
1215 938 1354 979 optima,

610 1016 640 1048 9.
671 1016 760 1047 Assit
782 1015 876 1047 nobis
902 1016 1056 1056 propitia.

233 1090 358 1126 Tropar.
392 1099 445 1117 ms.
478 1090 646 1118 Catanense
677 1100 754 1119 saec,
789 1089 831 1117 12.
878 1092 949 1119 Cod.
982 1093 1131 1119 Matriten.
1162 1092 1319 1121 (Collectio
1350 1093 1502 1124 Barbieri)

156 1137 178 1154 s·
211 1137 239 1155 n.
260 1144 298 1147 —
320 1128 373 1161 5b,
398 1129 410 1156 1
435 1129 533 1156 Ludet
554 1130 673 1161 Petrus,
701 1130 833 1158 offenbar
863 1130 975 1157 falsche
997 1131 1133 1163 Initiale3
1166 1130 1256 1157 audet
1281 1134 1310 1157 et
1332 1131 1442 1158 clamat
1464 1142 1500 1152 :2

155 1166 252 1194 audax
274 1168 392 1195 elamat.
416 1183 449 1187 —
476 1166 531 1200 5b,
546 1166 565 1195 3
586 1177 627 1202 sq.
651 1170 682 1195 in
703 1170 790 1196 nobis
813 1170 945 1196 vesania.
962 1183 997 1187 —
1016 1171 1066 1196 ssei
1089 1169 1186 1196 dieser
1207 1170 1345 1203 Sequenz
1368 1179 1429 1197 war
1450 1169 1498 1197 ich

153 1205 262 1232 darauf
279 1208 476 1242 angewiesen,
501 1204 561 1234 den
581 1208 656 1234 Text
678 1217 735 1234 von
757 1207 983 1235 Misset-Weale
1003 1208 1100 1239 (Anal.
1121 1208 1236 1243 Liturg.
1261 1209 1298 1237 ΙΙ,
1321 1218 1349 1244 p.
1370 1207 1438 1242 492)
1461 1217 1498 1236 zu

152 1243 275 1273 Grande
297 1255 334 1272 zu
358 1246 454 1282 legen.

649 1322 696 1352 26.
728 1322 762 1353 ln
785 1321 1003 1352 Pentecosten.

567 1395 595 1427 1.
625 1394 756 1426 Festum
781 1395 941 1434 paracleti

625 1444 728 1475 omnis
754 1443 876 1475 recolat
901 1444 1053 1484 populus,

162 1518 223 1552 2a.
251 1518 319 1557 Quo
347 1519 495 1553 Christus
521 1521 701 1553 ascendens
864 1522 924 1553 22.
953 1522 1014 1561 Qui
1040 1522 1072 1553 in
1099 1522 1217 1563 linguis
1245 1522 1347 1562 igneis

249 1567 290 1598 ad
319 1567 470 1600 thronum
952 1580 1115 1611 apparens

249 1616 349 1648 corda
374 1617 551 1649 illustravit
953 1619 1039 1651 visus
1065 1626 1115 1653 est
1141 1630 1159 1652 a
1186 1620 1308 1653 Christi

249 1663 406 1699 fidelium.
953 1668 1139 1710 discipulis,

160 1743 221 1775 3a.
250 1743 293 1776 Ut
319 1743 434 1776 missus
462 1749 510 1775 est
537 1750 667 1777 sanctus
864 1745 925 1779 3b.
952 1746 997 1778 At
1023 1746 1072 1778 illi
1099 1751 1233 1786 repente

247 1792 382 1832 spiritus
951 1799 1138 1828 constanter

246 1841 279 1872 in
307 1840 429 1874 Christi
458 1842 648 1883 discipulos.
950 1844 1083 1876 verbum
1112 1844 1174 1877 Dei
1202 1842 1390 1885 personant.

161 1920 220 1951 411.
247 1917 362 1951 Secum
389 1920 547 1962 plurimos
862 1921 921 1956 4b.
949 1923 1058 1964 Atque
1085 1933 1124 1956 ex
1151 1932 1207 1954 ore

246 1967 342 2000 divisi
947 1972 1106 2014 principis

245 2025 305 2056 per
331 2017 443 2049 orbem
470 2018 626 2060 colligunt
949 2022 1086 2054 tartarei
1114 2020 1245 2054 Christo

244 2065 286 2097 ad
314 2065 412 2098 fidem
948 2071 1106 2111 plurimas

247 2114 370 2147 Christi
398 2115 537 2148 ferventi
563 2117 681 2158 animo,
950 2119 1028 2151 inde
1053 2120 1222 2151 lucrantur
1249 2118 1381 2150 animas.

156 2195 216 2226 5a.
246 2193 332 2225 Hinc
357 2194 407 2226 ira
433 2203 550 2227 saevae
576 2196 682 2236 plebis
859 2197 924 2230 5b.
952 2197 978 2230 Ο
1005 2197 1146 2234 Christe,
1174 2200 1326 2235 quantam
1356 2196 1454 2229 Petro

243 2243 397 2276 Iudaicae

949 2246 1162 2278 constantiam

241 2291 349 2325 ebrios
376 2292 446 2325 fore
949 2300 1026 2325 tunc
1052 2292 1243 2336 praebuisti,

242 2341 367 2374 Christi
384 2342 573 2383 'discipulos
947 2348 984 2375 ut
1009 2343 1120 2375 vincat
1144 2341 1302 2374 Iudaeam

241 2391 369 2433 asserit⁷
947 2391 1066 2423 Iohelis

240 2440 376 2473 audiens
403 2449 458 2473 eos
485 2439 610 2473 referre

243 2490 407 2531 magnalia
432 2489 506 2522 Dei.

949 2449 988 2472 ex
1015 2440 1212 2483 testimonio,
1239 2441 1326 2482 quod
1353 2447 1402 2475 est

948 2489 1116 2530 impletum
1139 2489 1172 2521 in
1199 2490 1299 2530 ipsis!
