1654 2756
696 182 736 187 ——
793 155 960 199 225—

155 258 216 290 2a.
248 257 403 290 Marthae
429 262 537 300 gestas
563 260 691 293 viscera

253 306 390 339 Pietatis
416 315 518 348 opera

300 355 500 398 Impendens
526 357 738 398 pauperibus,

153 442 216 474 33.
248 442 354 475 Dulce
380 447 471 476 tenes
498 445 599 477 otium

254 491 376 531 Figens
403 495 505 525 totum
532 493 675 526 studium

301 540 338 571 In
365 542 488 573 sanctis
503 541 670 583 ·e10quiis;

152 628 214 659 4³.
246 627 344 659 Foris
369 627 474 669 nigra,
501 627 663 668 squalida,

249 675 340 707 Intus
367 684 501 708 manens
527 675 714 717 splendida,

299 722 388 756 Sicut
415 733 506 756 amor
532 724 683 765 dictitat;

153 812 214 845 5a,
248 809 298 842 Tu
325 819 386 850 per
411 819 545 851 precum
572 810 752 844 balsamum

251 859 359 891 Iesum
387 859 474 892 intra
501 859 679 893 thalamum

299 907 388 940 Tuae
414 908 531 941 mentis
558 909 674 941 allicis.

153 995 214 1026 6a.
248 995 366 1027 Pectus
394 998 482 1027 tuum
511 996 619 1028 nobile

246 1043 409 1075 Devotum
435 1048 469 1075 et
493 1044 613 1076 stabile

246 1091 325 1123 Tria
351 1095 422 1124 sata
448 1092 574 1124 similae

292 1139 537 1182 Fermentavit3

147 1226 206 1261 7a.
238 1226 314 1259 Iesu
340 1235 461 1266 sponsa
488 1226 618 1268 nobilis,

243 1275 393 1308 Prudens
421 1279 453 1307 et
474 1275 663 1315 laudabilis,

242 1323 350 1365 Digna
377 1324 460 1356 caeli
486 1324 609 1365 iubilis,

291 1372 446 1414 Gloriari,

857 262 921 296 2h.
951 263 1022 296 Nec
1047 263 1187 297 Mariam
1213 263 1355 303 desem,

953 312 1037 344 Dum
1064 312 1216 353 amplecti
1243 311 1358 343 niteris

1004 360 1164 401 Sponsum
1190 359 1280 401 fietu,
1308 359 1472 402 precibus,

858 447 924 481 ab.
955 449 982 481 O
1008 451 1139 481 sensata
1165 446 1296 488 femina,

953 495 1063 528 Fortis
1089 496 1131 528 ad
1159 497 1344 536 certamina,

1001 545 1131 577 Morum
1158 545 1281 577 micans
1308 544 1427 577 radiis!

856 630 919 663 4b.
951 631 1062 664 Omnis
1090 635 1144 663 tua
1170 631 1275 672 gloria

951 680 1062 712 Aurea
1089 688 1159 711 cum
1184 678 1311 711 fimbria

1001 728 1092 760 Intra
1119 731 1258 760 mentem
1287 726 1406 759 latitat.

856 817 874 847 5
890 814 920 847 b.
953 814 1214 855 contemplando
1240 814 1394 846 lectulum

951 864 1081 896 Intrans
1105 867 1139 895 et
1165 863 1197 894 in
1224 863 1368 895 osculum

1001 911 1047 944 Te
1067 911 1186 944 dilecto
1212 911 1344 952 proicis.

854 999 916 1031 6b.
951 999 1031 1032 Sunt
1057 998 1150 1039 fides,
1178 1008 1264 1038 spes,
1293 998 1423 1039 caritas,

948 1047 1069 1079 Tribus
1095 1047 1145 1078 his
1171 1050 1204 1077 te
1231 1047 1362 1078 trinitas

948 1094 1118 1127 Perfectas
1143 1094 1186 1127 ad
1212 1095 1344 1126 semitas

996 1143 1202 1175 Sublimavit.

849 1228 913 1261 Ἡ),
946 1229 1016 1261 Fac
1041 1238 1099 1261 nos
1127 1230 1190 1261 tuis
1216 1229 1368 1269 precihus

945 1277 1124 1310 Mundatos
1151 1288 1170 1309 a
1196 1277 1348 1309 sordibus

943 1327 1144 1366 Angelorum
1172 1325 1317 1359 coetibus

995 1374 1175 1407 Gratulari.

221 1458 363 1495 Sequent.
385 1466 440 1485 ma.
462 1458 643 1486 Praedicatt.
662 1459 866 1488 Insulensium
886 1459 1035 1494 (Arosiae)
1056 1470 1132 1488 saec.
1157 1458 1233 1488 ¹5s'1e.
1253 1460 1324 1487 Cod.
1345 1459 1488 1495 Upsaleu.

145 1497 175 1524 C.
200 1495 266 1525 513.

587 1573 658 1606 249.
700 1574 743 1606 De
769 1582 810 1605 ss.
831 1574 1064 1607 innocentibus.

144 1655 206 1690 la.
238 1654 415 1688 Exsultent
441 1664 552 1688 omnes
578 1656 720 1696 parvuli,

239 1703 398 1737 Exaltent
424 1713 536 1737 vocem
561 1704 679 1745 singuli

288 1753 466 1787 Praeclara
492 1753 645 1795 melodia,

144 1841 163 1874 2
175 1850 206 1876 a.
238 1840 317 1873 Cum
339 1841 382 1873 sit
396 1839 514 1874 festum
534 1842 595 1874 hoc
613 1842 784 1884 maiorum,

244 1890 416 1932 Proprium
444 1896 494 1923 est
519 1900 693 1932 puerorum

289 1940 429 1973 Ratione
456 1944 648 1981 martyrum,

137 2028 156 2061 3
171 2036 201 2060 a.
235 2026 319 2060 Nam
339 2027 457 2060 timens
476 2036 611 2069 regnum
630 2028 781 2071 perdere,

237 2076 317 2109 Illos
343 2077 492 2110 decrevit
517 2077 659 2117 perdere

285 2125 430 2158 Herodis
456 2126 605 2165 insania3

135 2217 198 2249 4a.
235 2213 428 2247 Bethlehem
456 2219 488 2246 et
514 2214 547 2246 in
573 2212 693 2247 finibus

239 2263 351 2296 Bimos
376 2268 408 2296 et
433 2262 522 2296 infra
548 2263 673 2296 sinibus

288 2313 435 2346 Matrum
462 2319 557 2346 necat
582 2316 725 2354 teneros,

136 2405 156 2436 5
171 2409 202 2436 a.
235 2399 307 2433 Hos
333 2400 444 2441 plorat
468 2409 530 2433 nec
555 2401 744 2434 consolatur

239 2449 277 2482 In
303 2449 418 2489 Rama,
445 2449 494 2482 sic
519 2449 749 2491 prophetatur,

283 2497 365 2531 Suos
392 2498 518 2532 Rachel
544 2497 641 2533 filios

190 2559 212 2582 B
220 2558 230 2581 1
239 2564 256 2579 u
265 2564 291 2580 m
299 2564 313 2580 e
322 2576 329 2586 ,
347 2556 519 2586 Sequentia
536 2557 675 2581 Ineditae,
702 2557 780 2581 VIII.

848 1657 911 1689 lb.
942 1657 1065 1689 Dulces
1096 1660 1190 1689 tonos
1216 1665 1302 1688 nunc
1328 1657 1488 1697 intonent,

946 1705 1133 1739 Concordes
1160 1714 1255 1737 sonos
1279 1705 1431 1738 insonent

993 1754 1148 1787 Moveant
1176 1754 1331 1795 tripudia.

846 1845 865 1876 2
881 1843 912 1876 b.
946 1844 1007 1884 Qui
1034 1843 1197 1884 perempti
1224 1847 1297 1875 sunt
1317 1843 1487 1886 lactentes,

943 1892 1043 1934 Digni
1070 1892 1140 1925 Deo
1167 1893 1368 1933 innocentes,

993 1941 1161 1974 Primitiae
1187 1946 1380 1981 martyrum.

846 2029 910 2064 3b.
943 2029 1066 2071 Saevit,
1091 2028 1235 2060 trucidat
1258 2027 1376 2059 misere

942 2077 988 2111 Et
1013 2077 1153 2109 tenellos
1179 2075 1220 2108 ab
1248 2075 1350 2108 ubere

994 2127 1094 2167 Rapit
1122 2134 1235 2158 manus
1258 2125 1377 2166 impia;

844 2215 909 2248 4b.
942 2215 1048 2247 Iesum
1075 2222 1235 2254 quaerens
1262 2213 1464 2254 extinguere.

944 2264 1042 2304 Quem
1070 2262 1216 2302 nequivit
1242 2262 1405 2303 attingere

991 2311 1097 2345 Miser
1124 2319 1224 2353 super
1249 2311 1397 2346 miseros,

844 2400 908 2434 5b.
940 2400 985 2432 Hi
1012 2407 1141 2440 semper
1167 2407 1285 2439 agnum
1310 2403 1489 2440 sequuntur

941 2448 987 2481 Et
1013 2447 1084 2481 Deo
1110 2447 1207 2490 plene
1233 2446 1386 2481 fruuntur

990 2499 1082 2531 Inter
1107 2505 1219 2530 omnes
1245 2497 1339 2530 alios.

1276 2553 1311 2583 15
