1654 2756
728 194 775 199 —
827 175 894 211 201
950 195 995 201 —

187 273 248 307 7a.
281 271 383 314 Ergo,
411 273 526 316 sancti,
554 272 610 313 qui
637 272 771 313 vicistis
897 274 959 309 7b.
991 275 1114 315 Quibus
1139 275 1220 317 legis
1248 284 1305 307 vos
1332 276 1463 317 latores,

282 321 399 354 Patres
428 324 556 354 nostros
584 322 792 359 convertistis
994 323 1097 357 Nobis
1124 324 1194 356 sitis
1222 322 1411 357 defensores

332 370 396 402 Pio
420 370 612 412 ministerio,
1040 374 1131 406 Iusto
1158 373 1350 413 patrocinio.

261 468 334 495 Cod.
347 468 445 503 Capit.
457 468 629 495 Trevirens.
647 465 702 495 133
716 468 787 495 anni
804 465 886 494 1191.
903 467 968 494 add.
987 477 1063 496 saec.
1078 466 1113 496 13
1125 470 1164 496 in.
1175 483 1213 487 —
1226 467 1278 501 2b,
1292 467 1310 496 3
1326 473 1389 497 tum
1404 467 1488 497 fehlt.
1501 482 1535 486 —

182 505 240 539 41),
274 506 285 534 l
314 507 418 535 Breve.
446 521 483 525 —
508 507 586 542 „Hic
616 507 724 542 incipit
750 508 909 541 sequentia
936 510 1075 535 contexta
1103 507 1139 535 de
1166 508 1371 535 dilectissimis
1401 510 1429 535 et
1450 507 1537 534 valde

185 546 365 574 venerandis
387 546 492 582 primis
513 545 688 573 ‹loc-toribus
709 545 803 572 totius
824 545 1021 574 Alamanniae
1043 551 1072 574 et
1093 547 1202 573 nostris
1224 548 1369 583 apostolis
1385 545 1537 574 Euchario

182 584 306 612 Valerio
328 587 359 612 et
371 585 524 617 Materno;
546 592 622 620 quae
645 584 682 611 ob
704 584 810 611 merita
832 587 1000 611 sanctorum
1018 586 1141 612 istorum
1156 585 1335 612 declaranda
1353 590 1381 613 et
1396 585 1539 620 suffragia

183 632 286 651 eorum
308 622 496 660 imploranda
509 623 591 650 Deus
613 623 773 658 inspiravit
795 622 949 656 dictatori;
973 627 1001 650 et
1025 627 1143 658 propter
1157 625 1275 651 easdem
1291 633 1396 651 causas
1413 625 1538 659 inspiret

182 663 331 690 Dominus
357 663 439 690 Deus
467 661 504 688 ad
532 661 714 689 cantandum
741 663 855 688 cantori
883 668 912 689 et
939 661 1029 688 choro
1059 666 1222 689 conventus
1251 665 1346 690 sancti
1381 663 1536 690 Matthiae.

182 700 304 728 Amen.“
339 702 401 728 Aus
426 700 524 727 dieser
536 700 643 734 Quelle
656 699 877 727 verfiffentlieht
891 709 949 726 von
962 701 1014 727 Dr.
1026 701 1193 729 Sauerland
1208 702 1249 728 im
1268 701 1537 735 „Pastor-nonne,

182 739 269 776 April
284 737 366 767 1891.
377 740 406 767 S.
426 737 483 766 209
496 748 522 766 u.
536 739 554 766 f.
564 739 729 766 baum-land
742 742 834 765 neunt
846 739 890 766 als
900 738 1055 766 Verfasser
1071 739 1129 766 und
1141 741 1320 776 Komponist
1330 740 1537 774 Remigius,

179 779 251 807 Abt
278 787 305 804 v.
337 777 532 806 Mettlach.
589 777 656 813 Vgl.
683 777 879 809 Trithemiusv
909 777 1017 805 Chron.
1052 779 1194 813 Hirsaug.
1231 778 1277 805 ad.
1307 788 1332 806 a.
1361 778 1426 806 980.
1471 778 1535 805 Von

181 817 238 846 den
278 817 345 844 dort
371 817 599 844 verzeichneten
629 817 779 844 Schriften
811 817 855 843 als
885 816 959 844 echt.
989 827 1017 844 u.
1047 827 1072 844 a.
1103 820 1215 845 [antus
1246 817 1281 844 de
1316 828 1354 844 ss.
1385 817 1536 845 Eue-haris)

180 854 305 884 Valerio
333 858 363 884 et
382 855 547 884 Maternof·
586 855 644 883 cfr.
668 856 790 883 Maurus
814 855 922 886 Hillar,
945 856 1103 883 vindiciae
1126 857 1237 884 Histor.
1260 858 1435 887 Trevirens,
1467 854 1534 883 13⁴2:

184 895 263 923 Ecce
284 894 496 922 Venerabilem
527 898 679 930 parentem
703 896 926 930 sequentiarum
949 894 1125 930 hymnorum
1147 900 1175 922 et
1196 896 1435 931 Antiphonarum
1461 904 1534 931 quas·

182 934 337 970 hucusque
368 936 398 961 in
430 933 676 961 San-Matthiana
710 935 749 961 ita
785 937 814 960 et
842 933 979 961 Ecclesia
1012 934 1204 961 cathedralis!
1242 935 1476 970 Metropolitana
1505 935 1535 960 in

181 973 279 1000 officio
302 973 448 1000 canonico
470 972 505 1000 de
528 973 587 1000 hiis
606 974 717 999 sanctis
740 972 957 999 solemnissime
979 973 1146 1000 decantatf

624 1105 686 1136 218.
719 1105 761 1135 De
783 1104 902 1135 sanctis
926 1104 1081 1136 Ewaldis.

182 1199 242 1232 la.
277 1197 356 1230 Cole
383 1197 547 1231 Christum
576 1199 682 1227 mente
706 1198 785 1236 tota,
889 1195 950 1228 1b.
983 1196 1147 1237 Virginali
1176 1196 1363 1233 candidata,

282 1245 475 1278 Colonorum
502 1245 580 1276 urbs
609 1245 738 1285 devota,
985 1244 1191 1284 Triumphali
1218 1249 1411 1284 purpurata,

327 1295 427 1327 Sacro
455 1294 541 1328 culta
568 1293 724 1333 germine,
1031 1293 1129 1326 Claro
1157 1293 1284 1324 clarens
1311 1294 1448 1332 agmine.

177 1395 240 1427 2a.
274 1392 396 1432 Quibus
423 1391 519 1423 addis
546 1391 706 1431 expolitas
886 1390 951 1424 2b.
984 1391 1046 1423 His
1074 1390 1114 1423 de
1141 1391 1275 1431 gemmis
1303 1390 1476 1423 adornavit

277 1441 389 1479 Binas‚
418 1441 520 1472 lectas
547 1440 750 1481 margaritas,
986 1439 1053 1472 Sibi
1081 1449 1244 1479 sponsam,
1273 1439 1475 1472 consecravit

324 1490 450 1522 Aurum
477 1498 577 1529 super
601 1487 749 1529 inclitasq
1034 1489 1120 1520 Mira
1147 1488 1207 1520 Dei
1235 1488 1366 1520 caritas.

181 1590 240 1622 33.
275 1587 400 1620 Nomen
423 1596 485 1627 par
511 1586 665 1619 Ewaldus
695 1584 826 1626 quidem
888 1578 947 1610 3³-
981 1576 1168 1608 Discolores
1196 1577 1227 1608 in
1254 1581 1399 1617 aspectu,

275 1636 354 1668 Fuit
378 1635 455 1677 illis,
484 1636 589 1667 cultus
614 1635 712 1675 idem,
985 1625 1046 1657 Pio
1072 1634 1167 1666 pares
1194 1626 1226 1656 in
1253 1624 1380 1663 affectu,

329 1684 448 1718 Parilis
476 1683 627 1723 devoti03
1036 1675 1135 1707 Pares
1163 1673 1356 1707 sacerdotio.

176 1776 240 1808 4a.
276 1772 824 1813 Domoslinquunt‚res‚parenteS,
887 1772 951 1807 4b.
986 1773 1114 1805 Cultum
1144 1772 1336 1805 daemonum
1361 1770 1534 1813 profanum

279 1822 500 1855 Hibernorum
527 1824 643 1862 petunt
669 1825 780 1861 gentes
984 1821 1124 1863 Fugam,
1152 1822 1307 1854 mundani
1333 1822 1460 1854 calcant
1480 1831 1534 1853 vn-

322 1871 534 1912 Anglicorum
561 1878 734 1912 proceres;
1298 1880 1373 1902 num

1033 1919 1233 1959 Angelorum
1262 1928 1442 1959 compares.

176 2023 238 2053 5a.
269 2018 387 2051 Fortes
414 2018 490 2050 hinc
517 2019 640 2051 tirones
665 2018 731 2057 isti,
887 2018 948 2053 5b.
982 2019 1210 2051 Adventantes
1237 2026 1314 2058 gens
1343 2021 1486 2048 cruenta

276 2069 425 2101 Saxones
449 2070 486 2099 ut
510 2075 612 2109 regno
638 2065 763 2100 Christi
983 2067 1120 2100 Sanetos
1144 2071 1249 2107 necat,
1277 2070 1483 2097 sacramenta

326 2117 560 2158 Lucrarentur,
587 2116 786 2156 quaeritant.
1035 2116 1118 2148 Dum
1146 2116 1261 2146 altaris
1288 2115 1466 2148 immolant¹

174 2219 239 2252 fla.
274 2216 380 2249 Undis
404 2215 508 2248 iactos
533 2217 642 2247 vectat
667 2224 797 2248 sursum
885 2215 949 2250 61).
982 2216 1075 2248 Aede
1103 2222 1195 2245 sacra
1224 2217 1438 2253 reponuntur,

276 2265 411 2298 Rhenus
437 2264 512 2296 illos
539 2273 600 2305 per
626 2273 795 2297 recursum
985 2263 1100 2296 Fontis
1128 2263 1213 2304 novi,
1242 2271 1305 2303 quo
1336 2262 1535 2303 plectuntur,

323 2314 412 2347 Luce
440 2313 528 2346 celsa
555 2314 682 2347 comite.
1033 2313 1147 2344 Manat
1174 2311 1262 2343 rivus
1290 2312 1427 2351 cespite.

174 2415 235 2447 7a.
274 2413 372 2446 Nunc
396 2417 446 2456 te,
474 2414 559 2456 lesu,
588 2410 710 2444 fontem
738 2411 827 2444 vitae
887 2411 952 2446 7‘0.
985 2411 1127 2450 Quorum
1154 2408 1249 2453 nobis
1276 2418 1374 2449 prece
1401 2411 1473 2452 pari

275 2461 417 2495 Gustant
443 2462 548 2495 hostis
574 2461 653 2495 trini
680 2462 744 2494 rite
985 2460 1075 2493 Tuae
1100 2462 1233 2498 praesta
1260 2460 1474 2501 contemplari

323 2511 458 2544 Trinam
483 2513 560 2552 post
586 2509 770 2543 victoriam.
1034 2507 1176 2542 Deitatis
1200 2507 1349 2549 gloriam.
