1654 2756
738 141 1000 177 —286—

280 240 418 274 Sequent.
451 248 501 265 ms.
528 239 754 265 Ravennatense
780 239 850 265 anni
880 234 1040 265 1585—87.
1065 237 1138 266 Cod.
1159 238 1293 266 Classen.
1323 235 1381 265 360
1405 234 1484 270 (139.
1509 235 1537 264 5.

204 278 246 309 S.)
266 294 293 298 —
325 278 372 311 li„
394 278 412 305 3
433 278 556 304 caelitus
579 279 694 304 ceteris.

547 390 608 421 315.
650 390 683 420 lu
705 389 784 420 sesto
805 397 846 420 ss.
869 388 1008 429 Philippi
1030 390 1060 420 et
1081 388 1197 420 lacobi.

206 472 262 503 la.
296 471 533 503 concordemus
559 472 590 502 in
618 471 679 502 hac
705 471 757 502 die
898 469 959 503 1b.
992 469 1160 509 Principes
1187 479 1249 510 qua
1275 470 1468 510 populorum

303 520 401 551 Voces
428 526 553 551 nostras
580 519 737 551 melodiae
993 518 1259 551 conscenderunt
1292 518 1373 550 caeli
1400 518 1535 550 chorum

347 568 563 608 Supernorum
591 568 722 607 entium,
1038 567 1089 598 Ex
1116 567 1176 598 hac
1203 567 1287 598 valle
1314 566 1470 601 flentium.

204 655 265 686 za.
300 654 412 685 Poenis
438 654 598 694 quondam
626 654 790 693 macerati.
897 653 960 687 2b.
993 653 1075 685 Sunt
1101 654 1250 685 concives
1277 654 1462 694 angelorum

301 703 404 735 Multa
431 704 541 742 paucis
569 703 748 743 collucrafi,
993 701 1163 742 Nunquam
1191 703 1317 742 passuri
1345 705 1504 734 tortorum

348 751 488 783 Caducis
515 752 676 788 caelestia,
1041 751 1191 790 Amplius
1217 750 1388 790 supplicia.

206 838 266 869 3a.
300 836 460 868 Christum
492 838 657 877 Philippus
685 837 837 869 docturus
898 836 959 869 3b.
992 836 1136 868 Tandem
1163 846 1315 868 saxorum
1339 842 1448 868 rotatu

305 886 541 925 Phrygiamque
569 895 780 917 conversurus
992 885 1042 916 Ex
1068 885 1162 916 istius
1190 886 1274 917 vitae
1299 890 1386 917 statu

349 934 460 965 Crucis
487 935 572 975 ligno
596 934 714 973 figitur,
1043 933 1187 964 Moriens
1213 933 1404 967 absolvitur.

207 1023 266 1052 4a.
299 1020 383 1051 Mira
409 1020 533 1058 pollens
560 1020 730 1051 sanctitate
898 1018 959 1051 4b.
993 1019 1092 1057 Quem
1117 1019 1158 1050 ob
1186 1019 1303 1050 donum
1329 1019 1493 1059 singulare

302 1068 504 1107 Solymorum
532 1068 662 1099 civitate
994 1067 1113 1099 Sancta
1139 1073 1322 1099 sanctorum
1344 1068 1468 1099 intrare

349 1116 484 1147 Iacobus
511 1116 650 1155 emicuit,
1042 1115 1151 1147 Solum
1178 1125 1240 1147 non
1267 1116 1429 1148 dedecuit.

208 1203 266 1233 5a.
299 1202 403 1233 lesum
431 1202 549 1232 docens
576 1202 687 1241 templi
715 1203 802 1234 tholo
897 1200 957 1234 5b.
990 1201 1086 1232 Necis
1113 1202 1279 1233 immemor
1304 1203 1442 1234 iniustae

302 1250 338 1280 In
365 1259 520 1289 praeceps
549 1249 672 1281 deiecto
699 1251 766 1283 solo
997 1251 1075 1282 Orat
1102 1249 1204 1281 Deum
1232 1259 1343 1282 caesus
1370 1250 1466 1291 fuste,

353 1297 495 1329 Genibus
522 1298 699 1338 excipitur;
1046 1298 1248 1330 cerebellum
1275 1297 1433 1331 funditur.

209 1386 268 1415 b'a.
302 1383 412 1422 Regna
441 1387 551 1422 patent
580 1393 653 1415 mox
680 1385 840 1415 caelorum
902 1383 963 1416 6b.
996 1384 1062 1415 Iam
1092 1384 1251 1415 coniuncti
1278 1393 1400 1415 summo
1427 1384 1511 1415 bono

306 1431 374 1462 Nec
399 1431 438 1462 ab
465 1431 610 1470 Alphide
637 1438 819 1463 sauctorum
999 1432 1088 1463 Caeli
1114 1433 1259 1463 resident
1285 1433 1318 1463 in
1343 1433 1470 1469 throno,

351 1479 460 1510 Turba
487 1480 576 1510 deest
603 1480 708 1512 obvia.
1046 1481 1164 1520 Magna
1191 1481 1277 1512 nacti
1304 1481 1459 1520 praemia.

210 1566 267 1596 Ta.
304 1566 385 1606 Hac,
412 1575 479 1599 vos.
507 1567 590 1597 valle
617 1567 680 1598 reis
709 1567 800 1598 datos
904 1565 965 1599 7b.
998 1567 1116 1598 Merito
1143 1576 1201 1606 spe
1226 1567 1383 1606 singulari

305 1614 468 1654 speciales
495 1616 668 1646 advocatos
1000 1615 1098 1646 Vobis
1126 1615 1261 1647 ducibus
1289 1616 1404 1647 donari

354 1663 493 1702 Speciali
520 1664 624 1703 gratia
1048 1663 1188 1695 Petimus
1216 1663 1377 1695 caelestia.

283 1748 371 1775 (irad.
393 1758 445 1775 ms.
469 1747 708 1776 Praedicatorum
731 1749 930 1775 Insulensium
953 1749 1100 1781 (Arosiae)
1119 1756 1195 1775 saec.
1219 1746 1540 1785 ¹⁵l16.Cod.Upsaleu.

207 1787 239 1812 C.
265 1786 327 1813 513.
348 1801 385 1804 —
410 1788 457 1817 lb,
485 1787 497 1814 l
522 1797 589 1822 quo.
612 1802 646 1805 —
670 1788 727 1814 Cfr.
749 1787 920 1822 Klemmiug
940 1787 995 1818 ΙΙΙ,
1022 1796 1048 1820 p.
1074 1786 1127 1814 150
1150 1796 1212 1823 sqq.

496 1901 558 1931 316.
601 1901 642 1931 De
664 1910 687 1931 s.
711 1899 856 1937 (luiriaco
878 1900 1164 1940 Hierosolymitano
1186 1900 1242 1942 Ep.

210 1982 271 2014 la.
306 1981 480 2014 iubilemus
506 1986 581 2013 voto
607 1982 679 2021 pari
906 1981 967 2014 lb.
998 1982 1059 2013 Die
1087 1983 1156 2023 hac,
1184 1992 1246 2023 qua
1269 1984 1408 2023 gloriose

306 2030 433 2061 Christo
459 2030 527 2069 regi
553 2030 691 2061 salutari
1000 2031 1130 2071 Martyr
1156 2031 1233 2062 vicit
1258 2032 1291 2063 in
1318 2042 1420 2073 agone

353 2079 415 2110 Pro
441 2079 545 2109 sancti
572 2078 706 2111 victoria
1050 2081 1112 2112 Pro
1140 2080 1273 2112 caelesti
1299 2081 1412 2120 gloria.

209 2167 270 2198 23..
304 2165 471 2204 Quiriacus
498 2165 560 2205 hic,
588 2174 658 2196 cum
685 2164 815 2197 Christo
905 2164 966 2199 2b.
994 2166 1101 2206 Atque
1128 2167 1232 2198 crucis
1258 2166 1294 2199 fit
1320 2168 1470 2200 inventor

307 2213 428 2245 Nomen
456 2214 546 2245 dedit
571 2214 602 2245 in
631 2213 802 2255 baptismo,
1001 2214 1177 2256 Precibus,
1205 2216 1237 2247 in
1265 2225 1328 2255 qua
1354 2217 1544 2256 redemptor

353 2262 549 2294 Iudaismum
576 2262 699 2302 respuit
1049 2263 1189 2294 Mortem
1217 2264 1287 2295 dire
1313 2265 1460 2304 pertulit.

209 2350 266 2381 32.
300 2350 390 2389 Quod
418 2350 541 2382 Helena
567 2353 740 2381 attestatur
908 2349 970 2383 3b.
1002 2350 1263 2391 Approbansque
1288 2352 1382 2383 huius
1407 2351 1504 2385 fidem

306 2398 386 2430 'l'oto
413 2399 509 2431 corde
538 2404 568 2429 et
595 2398 734 2430 laetatur
1001 2399 1270 2438 lerosolymorum
1297 2402 1426 2440 pridem

360 2447 477 2478 Videns
503 2447 563 2479 hoe
588 2447 789 2488 miraculum,
1049 2446 1169 2479 Statuit
1194 2450 1392 2490 episcopum,
