1654 2756
737 161 1003 196 —212—

204 264 265 297 43.
301 262 424 304 „Deum
450 269 546 292 unum
572 259 666 301 eligo,
893 259 957 295 4b.
992 259 1068 299 „Me
1095 259 1214 291 ditavit
1239 256 1360 296 osculo,

302 310 418 342 Totum
443 308 595 340 mundum
622 306 716 348 abigo
994 306 1210 340 Subarrhavit
1234 305 1363 344 annulo,

349 358 402 395 Et.
429 365 510 396 quae
536 360 611 388 sunt
636 355 796 391 mortalia.
1042 356 1102 397 Qui
1129 356 1212 396 regit
1238 352 1422 387 caelestia.“

205 446 265 476 53.
297 442 470 476 Gertrudis
496 442 686 484 constantia,
898 443 960 478 5b.
991 443 1142 475 Materno
1169 441 1302 474 consilio

301 491 466 532 Quidquid
491 490 602 522 mundi
627 491 731 531 gloria
994 491 1073 525 Cum
1099 490 1186 522 ferro
1212 489 1355 522 tonsorio

348 537 490 580 Confert,
518 539 579 570 hoc
603 539 765 579 repudiat.
1043 539 1140 573 Crine
1166 542 1262 578 caput
1289 536 1418 577 spoliat.

203 630 260 659 63.
293 625 481 658 Deformata
506 625 634 656 saeculo
897 625 960 658 6b.
992 626 1071 657 Tum
1098 625 1182 656 sacri
1208 622 1376 656 velaminis

300 674 399 715 Virgo
426 673 523 704 corde
549 673 661 704 sedulo
991 673 1070 706 Cum
1097 681 1192 704 curae
1218 671 1382 712 regiminis

347 721 484 762 Respuit
509 721 703 761 praesentia.
1040 721 1239 754 Sublimatur
1263 720 1378 760 gratia.

203 809 264 844 7a.
295 809 499 848 Voluptatem
527 811 669 847 superat,
896 807 954 840 7b.
987 807 1100 840 Carnis
1126 807 1209 839 mole
1233 806 1337 838 libera

297 855 423 896 Affligit
451 859 481 886 et
507 859 649 886 macerat
989 854 1201 888 Transfertur
1225 855 1268 886 ad
1294 862 1412 894 supera

345 905 470 943 Corpus
496 903 701 935 abstinentia.
1036 904 1208 935 Beatorum
1235 902 1363 943 gaudia.

202 990 263 1022 83.
295 991 427 1029 Caecus,
455 989 582 1026 surdus,
609 989 793 1029 languidus,
893 990 955 1022 8b.
988 990 1096 1031 Videt,
1125 989 1227 1029 audit,
1253 988 1398 1021 ambulat

296 1038 380 1077 Quos
407 1037 532 1068 laxarat
557 1037 696 1076 invidus,
986 1038 1031 1070 Et
1056 1037 1220 1069 laudando
1246 1037 1388 1068 cumulat

344 1086 407 1118 Per
434 1085 501 1116 eius
528 1084 679 1125 suffragia
1036 1086 1178 1126 Virginis
1202 1085 1373 1126 magnalia.

652 1172 683 1203 9.
711 1171 790 1213 Tuo,
818 1172 919 1212 virgo,
945 1172 1065 1203 nomini

712 1219 767 1251 Ad
793 1220 946 1251 honorem
972 1220 1101 1251 Domini

759 1267 909 1299 Canimus
933 1267 1091 1299 Alleluia.

271 1351 406 1379 Officium
434 1352 541 1385 triplex
563 1351 716 1378 Gertrudis
736 1352 823 1379 divae
844 1354 972 1389 virginis
993 1355 1062 1388 imp.
1086 1353 1229 1380 Coloniae
1255 1350 1337 1380 1513.
1359 1367 1395 1372 —
1419 1351 1478 1384 2³,
1504 1352 1517 1379 l

196 1390 288 1418 State.
304 1405 339 1408 —
355 1389 407 1423 2b,
424 1388 442 1417 3
457 1394 654 1417 controversa.
670 1405 706 1408 --
723 1390 776 1424 3b,
792 1389 809 1418 2
823 1392 975 1426 premitus.
990 1406 1026 1410 —
1042 1387 1242 1419 Ubersehrift:
1260 1390 1467 1427 „Sequentia.“
1485 1405 1524 1411 —-

567 1521 627 1552 231.
670 1522 712 1553 De
734 1532 756 1553 s.
779 1523 935 1554 Gen-trude
958 1523 1141 1555 Nivellensi.

194 1613 252 1646 la.
284 1613 373 1644 Haec
401 1617 448 1643 est
476 1612 543 1643 dies
571 1613 668 1653 digna
693 1613 798 1655 laude,
884 1614 946 1647 lb.
977 1614 1119 1654 Elegaus
1147 1613 1208 1646 fuit
1234 1615 1352 1656 specie,

286 1662 322 1693 In
350 1670 411 1700 qua
438 1657 611 1692 Gertrudis
638 1661 752 1693 beatae
977 1662 1057 1694 Orta
1084 1663 1172 1694 clara
1199 1663 1353 1702 progenie

335 1708 525 1740 Memoriam
552 1708 684 1747 agimus.
1026 1711 1077 1742 Ae
1103 1709 1224 1742 referta
1251 1710 1407 1743 moribus.

187 1794 206 1825 2
223 1803 251 1825 a.
283 1794 372 1825 Haec
398 1793 568 1824 sanctitate
595 1794 709 1825 claruit
883 1795 945 1828 2b.
977 1793 1138 1836 Sponsum
1165 1797 1285 1828 habere
1310 1797 1422 1839 noluit,

287 1841 329 1873 Et
357 1842 505 1873 castitate
532 1842 631 1881 viguit
980 1844 1079 1883 Quem
1106 1850 1200 1885 pater
1227 1846 1305 1877 dare
1332 1845 1444 1885 voluit,

333 1891 382 1921 Ac
408 1889 531 1928 respuit
555 1888 678 1922 infima.
1028 1893 1169 1934 Fugiens
1196 1904 1214 1927 a
1242 1894 1362 1934 patria.

189 1977 244 2008 33.
279 1976 305 2008 O
331 1976 456 2017 Pipine,
485 1976 548 2008 dux
575 1977 696 2018 inclite,
882 1978 945 2013 3b.
980 1979 1162 2021 Iubiletque
1187 1982 1302 2013 chorus
1329 1981 1391 2012 iste

285 2024 328 2056 Et
354 2023 538 2064 Yduberga‚
566 2025 712 2064 plaudite
977 2029 1014 2061 In
1041 2029 1174 2069 virginis
1200 2030 1293 2061 huius
1319 2029 1417 2062 laude

333 2072 382 2104 De
410 2076 473 2103 tam
500 2077 612 2105 sancta
637 2072 715 2105 filia.
1025 2076 1204 2118 Requirens
1230 2077 1394 2118 suffragia.

695 2162 727 2193 4.
754 2160 780 2193 Ο
807 2160 996 2201 Gertrudis,

180 2246 199 2276 5
221 2254 250 2278 a.
283 2245 370 2284 Quae
395 2250 430 2278 ut
457 2246 551 2278 stella
574 2247 770 2289 vespertina,
882 2247 944 2282 5b.
975 2249 1045 2280 Illis
1071 2250 1220 2284 Christus
1246 2259 1346 2291 prece
1372 2254 1429 2284 tua

287 2294 477 2326 Illuminans
503 2294 684 2338 tenebrosa,
977 2297 1145 2330 Praesenti
1171 2299 1238 2331 vita
1262 2297 1355 2331 finita

331 2343 469 2376 Reluces
497 2351 567 2375 cum
593 2344 731 2384 superis,
1026 2345 1094 2378 Nos
1121 2347 1245 2379 sociare
1270 2348 1360 2380 velit.

264 2427 399 2456 Officium
427 2429 535 2464 triplex
555 2429 710 2458 Gertrudis
739 2430 827 2459 divae
847 2431 976 2468 virginis
997 2433 1067 2467 imp.
1089 2431 1233 2460 Coloniae
1256 2431 1338 2461 1513.
1360 2450 1399 2454 —
1420 2429 1515 2464 Uber-

186 2465 291 2494 schrift
313 2466 517 2504 „Sequentia.“
