1654 2756
695 127 740 132 —-
793 108 960 144 304—

160 209 203 241 10
215 218 242 240 a.
279 205 343 241 Illa
369 215 576 247 quaecunque
603 205 729 246 singula
856 207 899 239 10
912 206 942 238 b.
975 203 1063 245 Tibi,
1087 206 1212 238 auctori
1238 207 1390 248 omnium,

280 256 409 288 Pam'ter
434 261 530 294 atque
555 255 660 286 omnia
979 254 1104 294 Virgini
1130 258 1227 295 atque
1254 255 1413 295 virginum

325 304 367 336 Et
396 304 494 335 multa
520 303 570 334 his
597 302 715 334 similia
1025 302 1148 335 Humili
1175 305 1386 337 consonantia

374 352 536 383 Resonant
565 350 722 383 Alleluia.
1075 351 1248 393 Pangimus
1272 351 1432 386 Alleluia.

157 441 242 472 lla.
274 438 399 470 Mariae
425 438 464 469 ob
492 438 677 469 memoriam
856 439 897 471 11
911 439 941 471 b.
975 438 1019 470 Et
1045 438 1091 469 tui
1118 439 1222 470 sancti
1249 440 1403 480 martyris

279 487 444 526 Tuamque
471 487 685 518 reverentiam
975 487 1150 518 Wernheri
1176 490 1273 528 atque
1301 488 1435 529 virginis

323 535 413 566 Haec
439 535 491 575 pia
519 534 746 574 consequentia
1024 535 1198 568 Praeclara
1224 536 1385 576 pudicitia

371 583 528 616 Personat
554 582 713 615 Alleluia.
1071 584 1253 624 Concrepet
1278 583 1435 617 Alleluia.

156 671 197 703 12
210 680 238 704 a.
278 670 405 702 Christe
432 671 516 707 Iesu,
544 669 698 710 piissime,
855 671 938 703 12b.
969 670 1086 708 Maria,
1113 670 1271 711 splendor
1296 672 1432 712 gratiae,

275 718 320 750 Te
347 719 521 750 adoramus
547 718 668 754 intime,
974 719 1058 751 Solis
1084 724 1188 751 mater
1213 720 1355 752 iustitiae

325 767 372 798 Tu
398 776 454 798 nos
474 767 546 805 duc,
574 771 608 797 tu
626 767 788 803 miserere,
1019 766 1062 799 Et
1092 766 1164 799 fons
1190 767 1443 807 misericordiae,

322 815 413 847 Bona
439 816 505 847 alta
529 816 569 847 da
598 815 707 847 videre
1021 816 1149 848 Perduc
1174 816 1217 847 ad
1243 817 1395 848 thronum
1421 817 1489 857 glo-

370 863 555 905 Laetanter‚
583 863 734 895 Alleluia.
1258 864 1325 896 riae

1071 912 1254 953 Laetanter‚
1283 913 1440 946 Alleluia.

232 998 368 1025 Passion.
397 1007 449 1024 ms.
478 997 634 1024 Wesaliae
661 998 829 1032 Superioris
859 1000 927 1025 anni
961 996 1042 1025 1429.
1065 998 1136 1025 Cod.
1159 999 1311 1025 Treviren.
1345 996 1427 1026 1139.
1455 1015 1490 1018 —

151 1034 205 1067 4a,
226 1035 243 1063 2
264 1036 384 1063 Tecum.
406 1052 443 1055 —
467 1034 537 1067 12a,
558 1035 577 1062 4
596 1036 642 1062 Tu
663 1037 750 1063 bona.
768 1051 800 1054 ——
816 1036 946 1064 Melodie
964 1037 1110 1064 offenbar:
1133 1037 1259 1064 Lauda
1280 1038 1385 1071 sion,
1408 1037 1491 1065 dem-

150 1075 282 1141 31(thsz
298 1075 515 1141 {igilgiictligung
532 1074 607 1102 auch
624 1075 720 1102 sicher
737 1076 802 1102 eine
820 1077 963 1110 Sequeuz.
981 1090 1014 1095 —
1031 1075 1245 1103 Akrostichon:
1269 1076 1491 1111 „VVinandus

511 1187 578 1218 335.
621 1187 663 1217 De
686 1195 708 1217 s.
731 1186 904 1218 Wernliero
926 1187 1124 1218 Wesaliensi.

152 1269 211 1303 la.
246 1267 442 1300 Benedictus
469 1276 503 1299 es
531 1268 677 1306 Domine,
851 1268 914 1301 lb.
947 1269 1044 1307 Quem
1072 1269 1185 1301 Iudaei
1213 1270 1420 1302 tradiderunt

250 1316 308 1354 Qui
336 1325 484 1348 coronam
514 1317 667 1348 victoriae
946 1316 1171 1358 Flagellatum.
1200 1318 1389 1350 occiderunt

295 1364 452 1396 Tribuisti
478 1373 590 1405 puero,
995 1365 1192 1404 Suspensum
1218 1366 1341 1400 eculeo.

155 1452 219 1484 2a.
251 1451 311 1482 His
338 1457 369 1482 et
396 1459 454 1490 per
476 1450 586 1482 orbem
614 1450 749 1491 cognitis
849 1451 912 1485 2b.
948 1451 1119 1483 Possessor
1144 1451 1202 1484 alti
1228 1453 1362 1492 spiritus

248 1498 435 1538 Ingentibus
461 1499 624 1530 miraculis
945 1499 1040 1531 Nunc
1066 1505 1178 1540 regnat
1205 1501 1238 1532 in
1266 1500 1459 1533 caelestibus

300 1547 375 1578 Post
396 1552 530 1579 mortem
550 1548 788 1580 sanctissimam
993 1549 1056 1580 Per
1083 1549 1179 1580 tidem
1206 1549 1429 1582 rectissimam.

155 1635 219 1667 Sa.
251 1634 314 1666 Hic
339 1633 539 1673 perlustrans
566 1635 733 1665 terrestria
849 1633 912 1666 ab.
944 1635 1057 1666 Caecis
1082 1633 1259 1666 refundens
1285 1635 1407 1667 lumina

254 1681 359 1713 Multa
386 1684 494 1720 patrat
519 1681 673 1713 miracula
943 1682 1107 1722 Mutisque
1134 1683 1234 1715 verba
1259 1683 1389 1723 perdita

297 1730 333 1761 ln
360 1731 420 1761 hac
447 1729 530 1761 valle
553 1730 711 1768 miseriae,
993 1731 1056 1762 Per
1074 1735 1116 1772 te,
1138 1735 1262 1771 patrem
1284 1731 1485 1766 clementiae.

151 1819 211 1850 4a.
244 1815 424 1848 Daemones
451 1816 620 1855 eiciuntur,
847 1815 910 1849 4b.
943 1817 1087 1848 Auditus
1111 1817 1219 1849 surdis
1245 1818 1407 1862 redditur,

248 1863 384 1905 Leprosi
412 1860 566 1908 [quoque]
594 1864 789 1896 mundantur
945 1864 978 1896 Si
1006 1865 1084 1905 quid
1112 1866 1227 1897 devote
1254 1867 1386 1911 petitur,

294 1914 358 1945 Per
383 1916 424 1949 te,
452 1916 563 1944 sancta
591 1912 730 1944 trinitas.
993 1914 1018 1946 Ο
1043 1913 1184 1955 gloriosa
1209 1916 1328 1949 unitas,

152 2001 212 2032 5a.
244 1999 308 2032 Eia
334 2004 469 2042 martyr,
496 2009 553 2030 nos
579 2007 726 2038 agnosce,
850 1999 913 2032 5b.
946 1999 991 2032 Ut
1018 2004 1183 2032 consortes
1209 2004 1283 2033 tuae
1309 2003 1407 2035 sortis

248 2047 350 2080 Libro
378 2048 462 2080 vitae
489 2056 547 2078 nos
575 2048 713 2086 deposce
945 2047 989 2079 Et
1016 2058 1034 2080 a
1060 2050 1173 2088 poenis
1199 2054 1231 2080 et
1257 2059 1277 2082 a
1302 2052 1407 2089 portis

299 2097 376 2130 Cum
405 2096 516 2128 electis
543 2095 651 2134 inseri,
993 2096 1156 2129 Eruamur
1180 2096 1289 2133 inferi.

228 2183 364 2210 Passion.
387 2191 439 2209 ms.
460 2182 614 2209 Wesaliae
628 2181 798 2217 Superioris
819 2182 890 2209 anni
912 2179 996 2209 1429.
1019 2182 1089 2210 Cod.
1110 2184 1264 2211 Treviren.
1287 2182 1372 2212 1139.
1393 2199 1431 2204 --
1451 2186 1488 2213 In

150 2222 245 2248 einem
267 2220 404 2249 Officium
432 2223 486 2248 mit
508 2220 681 2256 poetischen
701 2219 805 2248 Teilen
836 2219 880 2246 als
902 2221 953 2248 AA
979 2221 1016 2248 ad
1038 2222 1123 2249 Noct.
1146 2227 1175 2250 et
1196 2223 1290 2252 Laud.
1333 2224 1487 2252 Wiihrend

150 2259 197 2286 die
212 2261 265 2287 AA
290 2260 341 2287 der
365 2259 387 2287 l.
403 2260 516 2296 Vesper
536 2260 632 2287 dieses
649 2258 800 2286 officiums
824 2259 920 2286 einem
936 2259 1072 2295 Hymnus
1088 2261 1224 2289 entlehnt
1245 2262 1320 2296 sind,
1347 2263 1487 2291 scheinen

150 2298 231 2326 diese
253 2300 318 2326 eine
334 2299 468 2334 Sequenz
490 2307 526 2325 zu
547 2297 658 2330 bilden,
681 2307 707 2325 u.
725 2307 748 2324 z.
765 2297 842 2325 wohl
858 2299 910 2325 auf
923 2298 971 2326 die
984 2299 1115 2326 Melodie
1130 2300 1258 2329 Gaude
1281 2302 1371 2330 Sion
1392 2303 1488 2340 quod

149 2346 342 2373 egressus,
370 2338 495 2366 welcher
518 2339 574 2364 Str.
602 2336 620 2363 5
645 2336 779 2365 entlehut
804 2339 851 2364 ist.
894 2338 982 2364 Dann
1009 2339 1047 2364 ist
1075 2339 1146 2366 aber
1173 2339 1221 2367 die
1243 2343 1380 2377 Sequenz
1405 2342 1490 2370 nicht

148 2376 336 2412 vollstandig.
381 2377 423 2404 lst
444 2379 487 2404 sie
508 2375 699 2412 vollstiindig.
722 2384 754 2401 so
777 2377 815 2402 ist
836 2376 920 2403 Mel.:
947 2376 1164 2406 llodiernae
1193 2379 1254 2406 lux
1283 2380 1369 2409 diei.
