1654 2756
723 144 962 180 —99-

181 241 224 276 11
240 250 272 274 a.
300 241 400 284 Virgo
426 242 520 284 lenis,
891 243 933 276 11
944 243 977 276 b.
1005 243 1116 276 Noxas
1143 242 1216 275 dele

297 290 367 323 Nos
393 301 413 324 a
439 292 553 332 poenis
1004 291 1199 326 Parentelae

348 339 447 373 Salva
473 340 718 382 gehennalibus,
964 365 973 370 .
1055 340 1196 373 Nostrae
1223 340 1286 372 tuis
1313 339 1476 380 precibus,

299 388 369 420 Nec
395 388 559 422 substerni
1005 389 1049 422 Et
1076 390 1116 422 da
1146 389 1269 421 cunctis

300 437 368 469 Nos
395 436 515 470 inferni
1010 437 1112 470 Nobis
1138 437 1255 470 iunctis

350 485 446 518 Sinas
473 487 692 528 cruciatibus3
1057 486 1138 518 Frui
1164 486 1257 518 bonis
1283 485 1442 519 omnibus

257 562 342 590 Miss.
365 562 537 590 Morinense
559 565 630 598 imp.
652 563 812 600 Rotomagi
837 560 920 591 1516.
943 564 977 590 Α.
993 577 1031 580 -
1046 563 1131 590 Miss.
1153 563 1323 590 Morinense
1347 564 1417 597 imp.
1434 563 1525 590 Roto-

175 601 258 638 magi
283 598 365 628 1523.
389 602 421 628 Β.
443 616 478 620 —
501 600 555 636 4a,
578 599 596 628 2
618 611 649 629 es
671 602 705 629 A.
727 616 765 621 —
787 601 839 635 71³,
863 600 881 629 2
903 602 1091 629 illuminatur
1112 602 1172 629 AB.
1195 616 1232 620 —
1259 600 1293 629 lo
1304 601 1330 632 b,
1354 600 1367 628 l
1391 601 1526 628 decorem

174 640 209 666 A.
232 653 271 659 —-
296 638 365 672 lOb,
387 638 405 667 3
427 640 599 676 praeferunt
620 641 681 668 AB.

634 734 684 766 94.
717 735 761 766 De
782 735 885 767 Beata
905 734 1009 766 Mai-ia
1031 735 1066 765 V.

187 817 248 849 ia.
277 815 511 848 Laetabundus
897 816 955 850 lb.
982 817 1073 848 Haec
1101 820 1147 847 cst
1175 824 1293 856 parens

278 864 418 896 Mariam
448 864 613 898 collaudet
639 865 778 898 mundus
983 865 1105 896 Summi
1132 865 1218 905 regis
1246 864 1319 896 labe
1346 872 1471 905 carens,

326 913 417 945 Voce
444 914 508 953 pia.
1032 913 1126 945 Vitae
1153 913 1215 946 via.

191 997 252 1030 2a.
282 996 308 1029 Ο
334 996 453 1028 lucifer
479 996 598 1032 oriens,
896 996 955 1031 2b.
985 995 1039 1027 Sol
1067 996 1214 1037 eclipsim
1242 996 1400 1037 nesciens,

279 1044 442 1084 Splendor
468 1045 672 1083 indeficiens,
984 1043 1078 1076 Luna
1102 1044 1204 1075 solem
1230 1045 1372 1086 pariens,

327 1093 396 1125 Lux
426 1094 606 1132 praeclara.
1033 1094 1169 1132 Semper
1196 1102 1283 1124 cara.

188 1176 249 1209 3a.
278 1176 304 1207 Ο
333 1174 455 1207 Christi
480 1176 648 1217 palatium,
895 1176 913 1208 :3
924 1175 954 1207 b.
985 1174 1029 1207 Ut
1055 1174 1110 1206 det
1136 1174 1229 1207 nobis
1256 1174 1410 1214 gaudium

278 1224 328 1255 Tu
355 1233 416 1263 pro
443 1224 536 1255 nobis
564 1224 665 1256 filium
983 1223 1021 1255 In
1050 1232 1147 1263 regno
1176 1223 1364 1254 caelestium

327 1273 464 1313 Semper
490 1282 557 1314 ora,
1032 1271 1150 1303 Mortis
1178 1272 1267 1305 hora.

188 1358 248 1389 4a.
278 1355 324 1387 Te
351 1359 538 1387 sanctorum
565 1356 694 1395 agmina
894 1354 954 1388 4b.
983 1353 1069 1386 Fons
1098 1354 1264 1386 hortorum
1294 1353 1424 1394 nobilis,

281 1404 475 1436 Collaudant
502 1404 536 1436 in
563 1404 678 1445 gloria,
985 1403 1083 1443 Virga
1114 1404 1198 1434 lesse
1226 1402 1372 1444 gracilis,

327 1453 436 1493 Stirps
464 1453 571 1486 beata.
1032 1452 1158 1483 Fruetu
1184 1455 1289 1492 grata.

192 1537 252 1569 ba.
280 1537 330 1568 Tu
358 1545 390 1566 es
418 1536 492 1567 aula
519 1536 619 1576 regia,
897 1535 958 1570 5b.
986 1535 1036 1566 Tu
1061 1535 1162 1566 turris
1191 1535 1344 1573 eburnea,

279 1585 370 1616 Cella
397 1585 624 1626 pigmentaria,
987 1583 1144 1615 Columna
1173 1592 1365 1625 marmorea,

279 1635 471 1665 Aromatum
499 1643 575 1666 area
988 1632 1081 1664 Viola
1108 1640 1283 1672 purpurea,

326 1682 491 1715 Gratiosa.
1036 1683 1184 1713 Vernaus
1212 1690 1297 1715 rosa.

189 1766 255 1798 Ga.
283 1765 383 1806 Virgo
410 1774 584 1806 puerpera,
897 1764 957 1800 6b.
985 1764 1119 1797 Gratiae
1146 1773 1281 1796 munera

281 1813 452 1856 Succurre,
481 1824 634 1856 propera,
986 1814 1102 1848 Funde
1129 1811 1313 1853 fructifera,

281 1861 413 1902 Confer,
440 1867 475 1894 ut
500 1864 656 1896 vehamur
987 1863 1067 1896 Cum
1096 1863 1168 1895 lesu
1196 1862 1290 1895 trahe
1318 1871 1375 1893 nos

327 1911 370 1944 ad
396 1913 539 1945 aethera.
1033 1913 1075 1944 ad
1101 1920 1230 1952 supera.

259 1989 344 2017 Miss.
369 1989 399 2017 S.
421 1990 545 2018 Martini
570 1990 694 2018 Maioris
709 1991 888 2018 Monasterii
903 1990 1087 2019 Turonensis
1110 1990 1180 2025 imp.
1198 1987 1369 2016 Tui-onibus
1395 1985 1478 2015 1505.
1496 2003 1534 2006 —

180 2027 232 2062 212,
247 2026 265 2056 3
281 2028 372 2056 clara.
385 2045 421 2049 —
437 2028 488 2062 5a,
503 2028 521 2057 2
535 2031 799 2067 pigmentarea.—
814 2028 866 2063 δί),
878 2028 898 2058 4
913 2029 950 2058 ad
962 2030 1092 2058 aethera.
1104 2043 1141 2047 —-
1158 2028 1241 2055 Mel:
1259 2027 1533 2055 Laetabundus.

641 2125 689 2157 95.
722 2125 766 2157 De
788 2125 890 2158 Beata
912 2125 1014 2157 Maria
1036 2125 1072 2155 V.

190 2206 249 2240 la.
282 2207 308 2240 Ο
336 2207 455 2247 Maria,
899 2207 958 2242 lb.
988 2207 1086 2247 Regis
1114 2214 1224 2246 regum

279 2255 477 2297 Triumphus
502 2257 537 2289 in
564 2257 664 2290 caelis
690 2257 787 2295 laeta,
988 2255 1147 2289 Genetrix
1174 2263 1209 2285 es
1235 2253 1329 2286 verbi
1354 2252 1453 2294 facta,

331 2306 546 2346 Veneranda3
1036 2305 1101 2336 Res
1128 2302 1289 2337 miranda.

190 2389 251 2423 2a.
281 2389 404 2431 Regale
430 2388 602 2431 refugium,
901 2388 962 2423 2b.
991 2386 1109 2420 Nobile
1137 2385 1326 2429 triclinium,

282 2437 405 2471 Christi
433 2439 632 2472 domicilium
991 2437 1196 2477 Praeparans
1224 2435 1411 2476 hospitium,

329 2488 387 2528 Es,
413 2488 536 2529 puella,
1036 2485 1099 2517 Dei
1124 2483 1218 2519 cella.

1314 2542 1355 2572 7*
