1654 2756
719 150 980 185 -222—

208 255 269 286 92.
299 253 325 286 O
352 261 445 294 quam
473 250 569 293 felix,
604 259 699 290 quam
724 248 820 282 beata.

195 447 238 479 10
249 456 278 479 a.

199 688 281 721 lla.

196 881 280 913 12a.

202 1121 243 1153 13
257 1129 285 1152 a.

311 301 438 333 Merces
466 300 514 332 illi
541 302 644 331 restat
671 298 757 338 data,

358 349 419 389 Qui
446 357 505 388 pro
532 348 600 380 Deo
626 347 767 387 patitur!

311 446 389 478 Cum
415 453 450 476 se
474 444 561 476 videt
588 444 633 475 nil
660 443 774 483 egisse,

311 495 405 526 Hunc
432 502 491 524 nec
508 493 606 524 vitam
626 492 825 532 pervertisse

313 543 463 574 Nondum
490 550 549 572 nec
575 540 783 580 paenituisse,

359 591 529 631 Tyrannus
555 587 721 620 infremuit

310 688 389 719 Erat
416 685 461 717 ibi
489 685 597 717 nutrix
624 684 697 722 sibi,

314 736 413 774 Quam
431 744 500 765 cum
516 734 586 765 viro
600 736 729 765 sanctus
743 731 825 764 miro

363 782 490 815 Affectu
517 781 694 823 dilexerat;

313 880 391 912 Illos
419 887 494 919 ergo
520 878 634 918 plenus
661 878 728 909 irae

318 927 370 959 Ad
395 935 428 958 se
456 925 534 958 facit
556 935 612 957 rex
640 926 748 957 venire

313 976 355 1007 Et
384 975 485 1014 coegit
511 975 644 1005 interire

364 1023 493 1056 Domini
519 1031 598 1062 prae
624 1022 743 1061 oeulis;

318 1119 382 1152 Sed
409 1127 516 1149 eorum
544 1117 679 1148 salutari

316 1170 394 1200 Cum
423 1166 462 1197 de
488 1171 590 1196 morte
616 1165 773 1204 gratulari

318 1216 444 1254 Martyr
464 1214 570 1253 vellet,
596 1214 708 1244 mortis
726 1213 828 1244 minas

319 1261 489 1295 Intonabat
515 1265 546 1292 et
571 1262 679 1292 ruinas

367 1311 470 1351 Vitae,
497 1318 575 1348 quas
601 1312 783 1348 paraverat.

907 247 970 282 9b.

885 443 928 476 10
941 441 972 476 b.

886 684 927 716 11
942 682 972 716 b.

886 877 928 909 12
942 875 973 907 b.

890 1115 975 1149 13b.

1004 246 1211 279 vestimentis
1238 254 1298 286 pro
1323 242 1461 276 sublatis

1005 295 1096 329 Stola
1117 292 1370 327 immortalitatis

1054 344 1111 376 Vir
1136 347 1266 376 sanctus
1292 341 1448 374 induitur.

1004 442 1048 474 Et
1072 449 1132 482 per
1157 448 1279 480 poenas
1298 440 1520 478 cognatorum,

1004 491 1067 522 Per
1093 488 1288 528 multiplices
1314 494 1445 518 suorum

1007 538 1176 571 cruciatus
1203 535 1397 568 famulorum

1053 586 1194 618 Tentare
1220 583 1399 625 proposuit.

1005 684 1145 722 Quorum
1167 685 1282 721 morte,
1309 679 1400 722 gravi
1419 680 1516 721 sorte,

1006 731 1101 762 Hunc
1127 729 1247 762 habere
1273 737 1334 769 pro
1359 736 1394 759 se
1421 735 1498 759 vere

1054 778 1174 810 Decius
1200 780 1381 818 putaverat.

1006 874 1073 907 Nec
1081 874 1229 916 cessavit,
1242 873 1317 904 dum
1325 875 1520 912 perstratem

1003 923 1083 955 Eius
1110 922 1191 954 vidit
1217 920 1416 959 facultatem,

1005 970 1122 1002 Mortis
1147 970 1260 1002 videns
1286 969 1487 1002 voluntatem

1055 1018 1211 1051 Omnibus
1236 1018 1267 1049 in
1296 1016 1437 1049 famulis.

1007 1115 1084 1146 Mox
1111 1114 1311 1146 discursibus
1338 1123 1494 1154 equorum

1009 1162 1147 1202 Rapitur
1173 1162 1415 1196 indomitorum.

1008 1211 1131 1242 Mundo
1159 1211 1256 1242 vitam
1284 1207 1362 1254 [sic]
1390 1209 1503 1250 finivit3

1008 1259 1068 1298 Qui
1097 1267 1166 1289 cum
1191 1258 1248 1290 illo
1274 1267 1403 1298 semper
1429 1258 1521 1297 vivit⁷

1058 1307 1120 1338 Pro
1144 1316 1207 1345 quo
1234 1307 1442 1338 militaverat.

273 1405 358 1432 Miss.
375 1405 562 1432 Tornaceuse
578 1405 648 1438 imp.
666 1402 791 1430 Parisiis
809 1402 892 1431 1498.
907 1403 941 1429 Α.
956 1417 993 1421 —
1007 1401 1095 1428 Mias.
1109 1401 1298 1427 Toruacense
1314 1402 1384 1435 imp.
1400 1401 1526 1428 Parisiis

201 1441 282 1469 1509.
305 1444 338 1470 B.
361 1458 395 1461 —
412 1443 493 1469 Miss.
508 1443 695 1469 Tornacense
719 1443 787 1478 imp.
802 1441 999 1477 Antwerpiae.
1022 1438 1103 1466 1540.
1119 1440 1150 1466 C.
1167 1454 1203 1456 —
1218 1438 1236 1465 4
1249 1447 1275 1470 a,
1297 1438 1315 1466 2
1331 1441 1425 1466 sancti
1440 1440 1471 1466 B.
1493 1453 1526 1457 —

196 1480 247 1512 5³,
270 1480 287 1508 3
309 1483 364 1508 cite
379 1481 437 1508 AB.
453 1495 490 1498 —
514 1480 581 1512 121),
607 1480 617 1506 1
643 1490 693 1515 per
715 1484 835 1508 stratem
850 1480 884 1507 A.
900 1496 938 1500 —
952 1478 1081 1506 Melodie
1104 1477 1196 1504 wohl:
1229 1478 1380 1505 Laudes
1403 1480 1528 1506 crucis

198 1529 273 1555 resp.
297 1520 423 1547 Lauda
446 1520 546 1545 Sion.

231 1745 289 1776 la.

229 1936 288 1968 22.

582 1641 650 1671 245.
685 1641 726 1672 De
751 1643 860 1672 sancto
881 1640 992 1672 Iacobo
1014 1638 1141 1670 Maiore.

320 1743 478 1774 Exultans
505 1742 536 1772 in
563 1741 696 1772 salutari

323 1791 390 1821 Deo
418 1798 506 1830 voce,
534 1795 639 1820 mente
660 1788 732 1828 pari

371 1836 489 1869 lubilet
513 1837 658 1875 ecclesia,

320 1934 379 1973 Qui
407 1936 501 1965 natus
528 1942 567 1964 ex
594 1932 772 1972 Zebedaeo,

320 1983 430 2023 Longe
458 1981 659 2021 praeelectus
687 1980 754 2012 Deo

370 2032 458 2063 Ante
483 2029 672 2068 saecularia,

226 2130 247 2162 3
259 2137 286 2160 a.
317 2128 415 2167 Quem
431 2127 596 2158 inventum
611 2134 681 2156 cum
694 2125 837 2157 Iohanne

320 2176 370 2207 De
396 2175 494 2207 maris
521 2173 647 2206 vocavit
672 2182 765 2205 amne

373 2226 445 2256 Iesu
472 2223 595 2256 Christi
621 2222 737 2262 gratia,

228 2325 288 2357 4a.
317 2323 377 2363 Qui
405 2320 518 2353 relicto
544 2322 652 2359 patre,
680 2318 752 2358 reti,

325 2371 428 2409 Nave,
454 2367 676 2408 praeceptoris
701 2367 778 2399 laeti

374 2420 560 2457 Sequuntur
585 2416 732 2457 vestigia,

922 1740 982 1773 lb.

921 1932 984 1965 2b.

922 2125 985 2158 3b.

921 2317 987 2350 4b.

1015 1740 1115 1779 Quam
1143 1744 1276 1772 coronat
1301 1740 1498 1772 illustratam

1016 1788 1060 1819 Et
1085 1788 1252 1819 illustrant
1279 1793 1468 1821 exornatam

1064 1836 1174 1868 Iacobi
1201 1837 1380 1869 sollemnia.

1016 1931 1212 1965 Futurorum
1238 1936 1351 1973 typum
1378 1942 1504 1975 gerens,

1017 1980 1128 2012 Pisces
1148 1981 1253 2021 hamo,
1282 1982 1343 2013 reti
1362 1991 1532 2025 quaerens,

1064 2029 1156 2061 Nave
1181 2030 1286 2061 sulcat
1312 2030 1426 2063 maria.

1019 2125 1143 2157 piscari
1168 2125 1259 2157 iubet
1283 2126 1318 2157 in
1344 2127 1476 2168 mundo,

1018 2173 1154 2205 Gentem
1181 2183 1282 2206 noxas
1309 2173 1350 2205 de
1372 2173 1536 2214 profundo

1064 2222 1205 2261 Quorum
1232 2222 1363 2254 trahant
1390 2223 1483 2256 retia.

1017 2318 1096 2358 Quis
1122 2317 1273 2350 ostendat
1297 2323 1333 2350 ut
1351 2327 1419 2350 rem
1439 2329 1536 2360 gran-

1334 2367 1419 2411 deni,

1021 2413 1125 2446 Duxit
1142 2414 1201 2446 hos
1219 2415 1252 2446 in
1270 2416 1388 2447 montis
1403 2417 1537 2450 tandem

1069 2463 1150 2496 Cum
1178 2463 1276 2496 Petro
1303 2463 1446 2505 fastigia.
