1654 2756
712 144 950 179 ..90—

169 245 231 276 4a.
259 245 341 285 Ave,
370 245 496 285 culpam
521 243 700 285 redemisti,

258 292 333 325 Sola
359 292 457 324 solem
489 291 634 331 emisisti,

305 340 365 380 Qui
391 340 533 372 illustrat
559 339 666 372 omnia
679 351 687 379 ;

170 430 231 461 5a.
259 427 363 467 Super
389 430 475 459 astra
504 426 691 464 dominaris,

257 475 360 506 Nobis
388 475 486 507 rubus
514 474 705 515 designaris,

304 523 362 563 Qui
390 524 514 565 sprevit
538 523 706 561 incendia;

169 613 230 644 62.
258 610 355 650 Ergo,
382 615 496 652 mater,
523 620 580 642 ora
606 614 744 650 patrem,

255 659 315 699 Qui
341 662 373 689 te
401 658 476 690 fecit
503 668 591 690 suam
619 662 755 690 matrem

307 708 419 740 Iuncta
446 706 558 749 [carne
583 704 739 748 numine]‚

867 242 927 277 4b.
955 242 1028 284 Eia,
1056 246 1187 275 cunctos
1213 242 1364 283 expiasti,

955 291 1087 323 Portum
1113 290 1206 323 nobis
1232 290 1426 331 apportasti‚

1000 339 1197 380 Quieverunt
1223 339 1336 372 maria.

867 427 926 461 5b.
954 426 1044 459 Nihil
1067 427 1100 458 in
1126 430 1159 458 te
1184 426 1318 459 violavit

954 475 1084 514 Partus,
1110 475 1169 507 sed
1195 479 1226 506 te
1252 478 1354 507 totam
1380 474 1460 507 lavit

1005 523 1154 555 Numinis
1180 523 1373 556 substantia.

867 610 928 645 6b.
958 611 1001 643 Ut
1028 620 1086 642 nos
1111 614 1167 642 tua
1194 614 1302 642 servet
1328 619 1438 651 prece,

957 659 1166 690 Peccatorum
1194 658 1248 691 vili
1275 657 1365 690 faece

1003 707 1143 739 Mundet
1169 711 1200 738 et
1225 717 1245 738 a
1272 707 1419 738 crimine.

238 783 321 810 Miss.
354 791 406 810 ms.
438 783 613 810 Prumiense
644 791 720 809 saec.
754 780 797 809 14.
844 781 914 810 Cod.
949 782 1119 810 Berolinen.
1146 783 1210 810 Fol.
1242 780 1309 809 427.
1337 799 1373 803 -—
1403 782 1454 815 lb,
1483 782 1501 809 25

180 824 258 848 ustu.
275 835 310 839 —
326 820 378 851 4³,
398 821 409 848 1
429 823 491 856 Que
506 822 631 856 culpam,
647 820 738 848 durch
754 819 860 848 Fehler
874 821 925 848 des
942 821 1154 848 Illuminators.
1169 835 1208 840 —
1221 819 1272 853 4a,
1288 818 1306 848 3
1321 821 1450 849 illustra.
1467 837 1499 841 —

188 861 215 892 b,
240 859 252 886 1
276 860 315 886 Et
337 868 391 885 nos·
412 864 463 887 tua
485 868 578 887 serva.

617 953 665 984 82.
700 952 740 982 De
763 952 859 983 Beata
882 953 983 985 Maria
1006 953 1040 984 V.

178 1027 235 1058 la.
263 1026 288 1055 0
316 1025 434 1061 Man'a,
462 1026 553 1065 virgo
579 1025 643 1064 pia,

308 1073 410 1105 Stella
436 1074 534 1105 maris
561 1072 695 1113 fulgida,

824 1024 882 1058 lb.
910 1026 1019 1058 Mater
1045 1026 1140 1063 alma,
1171 1025 1231 1057 Dei
1259 1033 1389 1065 sponsa,

958 1074 1079 1106 Summi
1106 1074 1191 1114 regis
1215 1072 1292 1105 filia.

168 1162 228 1193 2a.
254 1160 299 1191 Te
326 1160 495 1199 honorant,
521 1164 553 1190 te
580 1159 764 1191 collaudant
814 1159 874 1193 2b.
903 1161 953 1192 Tu
979 1159 1142 1191 caelorum
1169 1168 1202 1190 es
1229 1159 1352 1199 regina,

303 1208 494 1240 Sanctorum
522 1207 693 1246 consortia,

255 1256 297 1288 Ut
324 1255 357 1286 in
384 1257 480 1286 terris
508 1255 599 1295 plebs
626 1255 732 1286 fidelis

305 1304 383 1336 Cum
411 1308 513 1336 matre
540 1303 686 1335 ecclesia.

168 1393 231 1425 3a.
259 1390 401 1421 Verbum
427 1391 530 1431 patris
556 1391 759 1421 incarnatum

259 1440 322 1471 Per
347 1442 378 1469 te
404 1439 497 1471 nobis
524 1442 572 1469 est
600 1438 751 1469 donatum

307 1488 412 1520 Carne
438 1496 476 1519 ex
506 1487 658 1527 virginea.

173 1577 233 1609 4a.
262 1575 409 1607 Summus
436 1579 528 1615 pater
554 1575 668 1606 summi
696 1575 762 1605 nati

259 1623 444 1655 Gabrielem
471 1623 529 1654 tibi
558 1623 652 1654 matri

308 1670 491 1703 Destinavit
518 1671 687 1711 angelumg

171 1761 231 1792 5a.
260 1758 378 1789 Dicens
405 1758 474 1789 Ave
499 1762 564 1789 tam
588 1765 686 1788 suave

308 1805 404 1838 Prole
431 1805 670 1838 fecundissima.

171 1896 231 1927 6a.
260 1893 303 1925 Et
329 1901 386 1924 nos
413 1893 542 1925 Christo
569 1892 769 1933 reconsigna.

260 1941 318 1973 Pio
344 1944 430 1981 nato,
457 1945 493 1973 ut
518 1941 657 1981 benigna

308 1989 427 2031 Mater,
454 1990 544 2030 virgo
572 1990 739 2029 virginum.

954 1208 1109 1240 Genetrix
1138 1212 1169 1238 et
1195 1207 1344 1248 innupta,

904 1256 1041 1288 Florens
1069 1265 1152 1294 rosa,
1181 1260 1296 1287 carens
1319 1257 1426 1296 spina,

954 1304 1154 1344 Angelorum
1183 1304 1324 1336 domina.

820 1391 838 1423 3
848 1390 878 1425 b.
909 1391 1061 1430 Verbum,
1069 1399 1128 1431 per
1137 1391 1222 1430 quod
1232 1390 1356 1423 caelum
1365 1390 1502 1431 factum,

910 1440 1042 1471 Passum
1069 1439 1110 1470 ob
1138 1439 1249 1470 mundi
1278 1444 1400 1472 reatum

957 1488 1021 1519 Sua
1047 1487 1115 1519 sola
1141 1488 1255 1528 gratia.

822 1573 880 1606 4b.
911 1575 961 1606 Ex
989 1578 1019 1605 le
1047 1583 1162 1606 nomen
1190 1574 1242 1605 hic
1268 1576 1402 1607 sortitus

911 1623 963 1654 Ad
992 1628 1022 1653 te
1049 1623 1137 1654 venit
1162 1627 1198 1654 ut
1223 1623 1360 1664 legatus,

957 1671 1108 1703 Parltura
1135 1671 1318 1704 Dominum.

821 1756 878 1789 5b.
907 1757 994 1797 Ergo
1022 1758 1092 1788 iure
1120 1758 1217 1797 digna
1242 1758 1350 1798 laude,

958 1805 1047 1845 Vale„
1076 1805 1317 1846 benignissima.

821 1890 878 1923 fib.
907 1892 975 1924 Nos
1000 1892 1032 1924 in
1060 1901 1134 1924 arce
1156 1890 1248 1936 p0[li]
1273 1922 1279 1928 .
1331 1920 1340 1930 .

240 2077 324 2104 Miss.
341 2085 393 2102 ms.
409 2075 543 2103 Metense
559 2084 635 2102 saec.
653 2073 697 2102 14.
734 2074 804 2101 Cod.
821 2073 917 2111 Capit.
933 2076 1083 2103 Treviren.
1103 2075 1167 2104 161.
1186 2092 1222 2096 —
1238 2078 1295 2104 Mit
1309 2078 1448 2107 Melodie.
1463 2096 1502 2100 —

163 2113 215 2150 2b‚
238 2113 256 2143 3
278 2115 389 2143 Carens
420 2116 521 2151 spina,
548 2115 655 2141 florens
683 2122 759 2140 rosa.
782 2127 818 2131 —
840 2111 889 2145 63,
915 2113 927 2141 1
950 2115 991 2142 Et
1018 2124 1077 2142 non
1099 2115 1227 2143 Christo.
1250 2131 1288 2135 -
1309 2111 1439 2145 Ᾰὴηὶἰεὶι
1462 2121 1502 2146 ist

164 2154 212 2182 die
235 2154 382 2190 Sequenz:
405 2155 430 2182 Ο
452 2154 574 2181 Maria
595 2156 709 2180 mater
730 2153 791 2188 pia
810 2152 906 2185 (Anal.
926 2153 1034 2188 Hymn.
1057 2154 1139 2187 VIII,
1162 2156 1212 2182 Nr.
1238 2153 1292 2189 71).

619 2246 666 2278 83.
700 2245 741 2277 De
764 2246 862 2277 Beata
884 2246 985 2278 Maria
1007 2247 1042 2278 V.

175 2321 233 2352 la.
263 2321 344 2358 Ave,
372 2319 463 2360 virgo
488 2319 658 2360 virginum,

307 2367 425 2408 Mater,
455 2368 544 2400 cuius
570 2366 694 2399 fruetus

259 2415 324 2448 Dat
350 2415 485 2448 misellis
511 2416 682 2448 terminum

310 2463 458 2498 Lamenti
485 2469 517 2497 et
543 2465 659 2498 luctus.

870 2318 932 2351 lb.
961 2318 1057 2350 Salvo
1083 2319 1143 2351 tibi
1170 2318 1304 2352 flosculo

1007 2367 1126 2398 Intacti
1152 2367 1287 2409 pudoris

958 2416 1201 2456 Impraegnaris
1228 2419 1372 2452 masculo

1010 2464 1048 2495 Vi
1073 2464 1222 2496 caelestis
1250 2465 1343 2499 roris.
