1654 2756
699 131 938 166 —56—

164 231 223 263 6³.
250 226 372 262 Maium
398 228 554 261 Dominus
862 228 921 262 6b.
947 224 1087 262 Mundus
1112 235 1176 268 qua
1201 235 1278 261 vere

251 286 310 317 per
335 280 367 308 te
393 276 553 310 convertit
949 279 1034 308 totus
1060 275 1206 316 nigratus

250 326 283 357 in
311 326 413 358 Israel
947 322 1018 365 fuit,
1044 327 1100 355 tua

251 377 346 414 atque
373 382 466 405 omne
492 371 642 405 auferens
947 372 1157 413 conceptione
1181 376 1306 415 sancta,

251 426 398 453 stannum
427 421 555 453 excoxit
946 429 1029 462 quae
1054 420 1141 453 omni
1168 425 1256 452 caret

251 470 292 502 ad
320 479 446 511 purum,
473 469 608 502 scoriam
636 477 761 501 omnem
947 469 1112 510 originalis
1138 468 1284 501 maculae

251 522 282 550 et
307 518 431 558 primae
457 518 602 558 parentis
948 527 1046 558 ruga3
1074 517 1160 558 quod
1188 517 1381 550 determinat

252 567 474 606 compurgavit
501 567 691 609 rubiginem,
946 567 1089 607 synodus
1114 565 1263 598 Basiieae
1288 574 1393 598 sacra.

162 634 219 668 7a.
249 631 322 673 Eia,
349 642 418 675 nos,
859 633 916 666 7b.
944 630 1065 668 Labem

249 683 408 714 advocata
434 686 554 720 nostra,
948 683 1073 722 peccati
1099 681 1186 722 quod
1211 682 1315 721 tollat,

250 730 366 762 exaudi
394 732 588 771 clementer3
945 735 1054 763 natum
1076 740 1135 762 ora
1160 728 1358 769 frequenter,

539 799 570 830 8.
603 794 809 838 Lumbosque
835 798 1026 838 praecingat

597 855 705 878 amore
732 851 806 878 tuae
834 847 1055 884 conceptionis

597 903 635 926 ac
661 903 737 926 suae
761 893 923 934 passionis
946 894 1061 925 merito

595 942 688 974 nobis
714 942 862 974 misereri

598 991 748 1030 dignetur
774 990 911 1021 miseris.

231 1057 320 1086 Grad.
342 1067 394 1084 ωε.
416 1059 554 1086 Murense
577 1058 647 1084 anni
672 1056 755 1085 1532.
790 1056 861 1084 Cod.
880 1057 1059 1091 Aargovien.
1075 1056 1105 1082 M
1128 1054 1145 1082 5
1163 1055 1212 1081 fol.
1236 1065 1272 1082 m.
1293 1070 1324 1073 —
1342 1053 1489 1082 Melodie:

156 1098 235 1123 Ave
266 1097 480 1131 praeclara,
512 1097 583 1123 aber
615 1100 705 1123 etwas
736 1096 791 1122 frei
823 1094 1013 1131 gehandhabt
1045 1094 1103 1121 und
1131 1093 1207 1120 ohne
1237 1094 1412 1129 Beachtung
1438 1092 1491 1120 der

155 1135 516 1168 Klauseln-Einsehnitte3
539 1144 594 1161 nur
614 1134 740 1170 Strophe
763 1134 822 1161 und
837 1134 1060 1169 Gegenstrophe
1083 1132 1149 1159 sind
1171 1135 1244 1159 stets
1265 1131 1364 1167 gleich
1386 1133 1417 1158 in
1438 1131 1490 1159 der

156 1173 336 1201 Silbenzahl.
366 1189 401 1194 Q
432 1173 557 1208 Strophe
579 1172 596 1200 8
625 1173 676 1199 der
697 1174 843 1200 Stammse
867 1181 940 1199 uenz
963 1174 1002 1198 ist
1022 1171 1231 1203 unterdriickt‚
1262 1170 1414 1198 vielleicht
1435 1171 1491 1196 mit

154 1212 319 1239 Riicksicht
333 1212 386 1238 auf
399 1213 450 1239 das
463 1212 677 1239 Akrostichon:
696 1209 839 1240 Mathells
881 1208 1018 1238 ummell.
1032 1225 1070 1228 —
1084 1210 1150 1246 Vgl.
1167 1211 1290 1236 Roman.
1302 1209 1423 1236 Forsch.
1437 1209 1489 1241 IV,

155 1251 184 1280 S.
208 1249 265 1277 498
288 1251 314 1282 tl,
338 1252 477 1279 woselbst
500 1251 623 1277 Werner
644 1250 725 1278 diese
747 1250 882 1286 Sequenz
904 1250 1027 1276 mittent
1047 1258 1100 1275 aus
1125 1249 1265 1283 „Missale
1287 1257 1340 1275 aus
1356 1248 1435 1275 Muri
1458 1249 1490 1274 in

155 1291 254 1316 Aarau
281 1290 319 1320 (K
355 1288 391 1321 5).
440 1290 642 1325 Eingetragen
676 1291 729 1316 mit
760 1289 816 1316 den
845 1289 942 1315 Noten
973 1290 1012 1315 im
1039 1287 1131 1314 Jahre
1164 1284 1265 1313 1535“.
1315 1287 1387 1314 Seiu
1414 1287 1491 1314 Text

154 1328 295 1355 differiert
325 1337 394 1354 nur:
422 1327 475 1362 61),
501 1327 514 1355 1
545 1337 587 1362 sq.
609 1329 737 1355 Mundus
765 1332 846 1363 quae
875 1329 954 1353 totus
976 1324 1111 1362 ingratus
1134 1326 1190 1352 fuit
1211 1328 1263 1353 tua
1285 1326 1489 1361 conceptione.

593 1412 637 1443 41.
669 1411 702 1443 In
724 1409 927 1451 conceptione
950 1410 1044 1441 BMV.

167 1475 226 1506 la.
251 1474 323 1510 Die.¹
352 1483 414 1513 qua
441 1477 596 1514 concepta
860 1472 920 1506 lb.
948 1474 1129 1505 Accurrant
1156 1471 1305 1513 maiores,

301 1522 402 1554 Beata
427 1523 544 1563 Maria,
994 1520 1163 1553 Accedant
1189 1518 1340 1559 infantes,

251 1571 288 1602 In
316 1570 387 1601 alvo
414 1574 556 1610 recepta,
945 1569 1085 1601 Veniant
1111 1568 1251 1600 minores

301 1619 420 1658 Magna
446 1619 570 1650 laetitia
994 1617 1095 1649 Simul
1122 1622 1154 1648 et
1179 1616 1337 1648 lactantes

350 1667 473 1699 Tantae
497 1667 641 1706 originis.
1040 1665 1094 1697 Ad
1121 1665 1249 1696 laudem
1279 1664 1421 1705 virgini&

167 1737 225 1769 2a.
252 1736 335 1775 Quot
360 1739 467 1767 terrae
493 1735 646 1775 gramina,
859 1732 920 1765 2b.
947 1733 1009 1765 Tot
1035 1736 1110 1764 sunt
1135 1736 1210 1763 tuae
1236 1733 1359 1772 laudes,

300 1784 383 1822 Quot
410 1783 490 1815 caeli
517 1783 635 1821 sidera,
994 1782 1077 1821 Quot
1102 1789 1165 1812 vox
1191 1782 1301 1822 nequit
1329 1780 1405 1822 fari,

251 1831 413 1863 Arborum
440 1831 593 1872 germina,
947 1829 1009 1862 Tot
1035 1834 1070 1861 tu
1095 1829 1193 1860 caelis
1220 1831 1352 1869 gaudeS,

301 1880 363 1912 Tot
389 1884 443 1912 tua
469 1888 610 1912 munera.
995 1879 1075 1918 Quot
1102 1878 1207 1918 pisces
1234 1880 1269 1912 in
1295 1879 1388 1918 mari,

349 1929 430 1968 Quot
458 1933 531 1960 suut
558 1928 662 1967 campi
684 1927 791 1960 fiores.
1045 1927 1127 1965 Quot
1155 1927 1268 1966 pardis
1295 1928 1431 1961 colores.

168 1998 227 2031 3a.
254 1996 304 2028 De
330 1996 441 2028 radice
468 1997 555 2028 Iesse
859 1996 878 2026 :3
889 1994 918 2026 b.
946 1994 1044 2034 Virgo
1070 2004 1139 2026 cum
1166 1995 1292 2034 pudore

303 2045 345 2078 Ut
373 2055 447 2077 rosa
474 2044 514 2076 de
541 2042 642 2084 spinis
996 2044 1092 2075 Casto
1120 2044 1313 2083 concipitur.

254 2094 353 2134 Virga
380 2094 466 2134 cepit
491 2101 572 2134 esse,
949 2092 1120 2125 Cristallus
1147 2092 1255 2124 calore

302 2142 350 2174 De
378 2141 486 2174 fructu
510 2140 662 2182 germinis
996 2140 1080 2172 Solis
1107 2150 1168 2172 non
1196 2143 1346 2184 solvitur,

349 2190 475 2223 Natura
500 2191 646 2222 miratur.
1045 2189 1174 2220 Virtute
1200 2190 1368 2228 probatur.

166 2261 226 2293 4a.
255 2259 365 2291 Vellus
393 2259 554 2292 Gedeonis
858 2255 921 2289 4b.
950 2257 1153 2296 Conceptura
1179 2259 1303 2296 prolem

302 2308 392 2340 Caeli
417 2308 550 2340 trahens
576 2315 692 2347 rorem,
997 2305 1090 2337 Nova
1113 2305 1272 2345 genitura,

255 2356 424 2396 Templum
452 2355 631 2389 Salomonis
949 2353 1076 2386 Novum
1103 2354 1200 2385 stella
1223 2356 1322 2387 solem

305 2405 393 2437 Dans
420 2405 544 2437 cunctis
571 2405 731 2443 decorem,
999 2402 1154 2434 Fructum
1181 2404 1327 2442 paritura

355 2454 556 2495 Consurgens
582 2462 709 2494 aurora,
1047 2451 1108 2483 Est
1134 2451 1225 2492 virgo
1248 2452 1376 2487 decora.
