1654 2756
746 176 1013 211 —249—

207 268 264 301 va.
299 268 377 302 Cum
405 269 580 311 Germano,
610 270 675 304 fide
701 282 791 314 sano,
909 276 971 310 7b.
1003 278 1232 310 Britannorum
1257 287 1378 310 oceano

305 317 410 350 Sensu
436 327 525 358 vero,
552 319 623 352 iure
649 321 758 361 plano,
1002 326 1113 365 Falso,
1143 326 1216 358 diro
1242 335 1280 358 ac
1306 325 1444 367 profano

352 367 558 408 Exstirpavit
584 369 762 410 haeresim3
1055 375 1189 416 Depulit
1217 375 1415 416 hypocrisim

205 459 265 492 8a.
300 459 425 501 Aegros
452 465 562 498 sanat,
599 470 712 494 caecos
740 467 844 503 curat,
907 465 970 498 8b.
1003 466 1086 498 Reos
1114 466 1233 508 placat,
1261 467 1343 499 iram
1373 466 1475 508 fugat,

304 507 446 542 Claudos
473 509 588 549 planat
615 515 644 541 et
673 515 801 543 securat
1004 515 1116 547 Scelus
1143 515 1231 547 lavat
1255 520 1285 546 et
1313 520 1477 556 permutat

351 557 510 590 Obsessos
537 557 761 591 daemonibus.
1051 563 1161 595 Mutos
1188 563 1220 595 in
1247 565 1461 597 sermonibus.

202 648 263 681 9a.
297 648 401 681 Huius
428 658 527 690 prece
553 654 587 682 te
610 659 792 690 poscamu3‚
905 653 970 686 9b.
1000 654 1084 686 Fide
1110 654 1203 686 firma
1229 658 1263 686 ut
1288 664 1420 696 agamus

300 697 390 729 Deus
416 698 481 739 pie,
508 701 543 729 ut
569 703 735 739 tergamus
1002 703 1105 734 Tuum
1133 703 1217 734 velle
1244 707 1275 734 et
1302 713 1475 745 pergamus

348 747 444 779 Vitae
471 750 603 779 nostrae
626 749 776 792 scoriam,
1050 752 1088 783 In
1115 754 1247 783 aeterna
1275 752 1389 792 gloria.

277 837 362 864 Miss.
389 837 571 865 Coloniense
598 839 667 874 imp.
694 840 839 867 Coloniae
870 839 953 868 1525.
988 856 1019 859 —
1051 840 1104 873 la,
1132 838 1150 867 2
1179 842 1256 867 Dum
1289 843 1401 878 Lupus.
1423 857 1461 860 —
1491 841 1544 873 4a,

200 871 219 902 3
241 875 327 904 Stare
351 878 380 903 in
405 886 448 912 pr.
470 891 508 895 —
530 876 583 909 621,
608 877 619 904 1
644 878 728 914 plebs
751 879 907 906 exclamat.
931 895 967 899 —
989 878 1041 911 Sa,
1065 880 1082 908 :3
1103 880 1242 907 Obsessis
1265 890 1291 907 at

621 997 686 1027 276.
729 997 771 1028 De
793 998 913 1028 sanctis
935 998 1143 1030 maccabaeis.

199 1082 260 1115 la.
288 1082 388 1115 Festa
416 1083 485 1115 dies
512 1086 544 1114 et
571 1084 689 1124 votiva,
901 1084 962 1118 lb.
995 1085 1208 1125 Recensetur,
1236 1090 1269 1116 ut
1295 1086 1456 1125 condigne

294 1131 364 1170 Qua
390 1129 531 1171 refulget
558 1132 706 1163 rediviva
996 1133 1189 1166 Celebretur
1215 1133 1255 1164 ob
1283 1134 1410 1173 insigne

342 1180 434 1211 Mors
461 1179 744 1214 Maccahaeorum,
1044 1181 1199 1212 Meritum
1225 1190 1347 1213 eorum.

195 1270 254 1302 211.
289 1269 332 1301 Hi
357 1268 470 1301 felices
497 1272 571 1300 sunt
594 1269 628 1300 in
656 1269 760 1305 donis,
897 1270 960 1303 2b.
993 1271 1076 1302 Dum
1112 1280 1173 1311 pro
1205 1271 1276 1310 lege
1303 1280 1337 1302 se
1366 1271 1541 1308 dederunt,

291 1317 465 1351 Sublimati
494 1317 558 1349 iam
586 1318 715 1349 coronis
994 1319 1145 1352 Gloriose
1174 1324 1363 1350 meruerunt

338 1366 483 1400 Honoris
511 1370 543 1398 et
570 1366 714 1406 gloriae3
1044 1368 1172 1400 Titulos
1200 1368 1368 1400 victoriae.

195 1461 254 1493 3a.
288 1459 542 1492 Contemnentes
569 1458 673 1490 minas
700 1459 795 1500 regiS‚
897 1460 961 1494 3b.
994 1461 1089 1492 Vesci
1117 1460 1242 1501 nolunt,
1270 1460 1393 1492 malunt
1422 1460 1489 1500 pati

290 1508 464 1541 Facientes
491 1506 580 1539 iussa
606 1507 697 1549 legis,
993 1509 1073 1541 Dira
1099 1517 1255 1550 quaeque,
1285 1509 1448 1541 decalvati

339 1555 500 1590 Carnibus
527 1556 633 1588 suillis
1043 1559 1123 1591 Cum
1151 1561 1225 1589 cute
1252 1557 1393 1597 capillis.

193 1651 253 1682 4a.
286 1650 323 1682 In
351 1648 522 1682 tormentis
550 1648 693 1689 gaudent
720 1647 797 1679 iusti
844 1660 857 1671 -
898 1651 962 1684 41),
993 1651 1049 1684 Sic
1077 1649 1240 1683 deformes
1268 1654 1299 1681 et
1329 1651 1477 1691 despecti

291 1698 384 1731 Caesi
410 1698 522 1739 flagris
549 1702 581 1729 et
607 1697 717 1729 adusti
995 1702 1064 1733 Iam
1093 1697 1277 1731 conformes
1305 1704 1379 1731 sunt
1407 1698 1513 1732 effecti

340 1747 481 1780 Frixura
508 1746 695 1787 sartaginis,
1045 1747 1204 1781 Caelestis
1231 1748 1392 1788 imaginis.

193 1843 253 1874 5a.
287 1840 360 1873 Etsi
387 1848 486 1872 carne
513 1839 708 1881 circumcisi,
897 1842 960 1876 5b.
995 1843 1058 1875 Per
1087 1842 1233 1874 velamen
1260 1842 1481 1882 superiectum

291 1889 356 1921 Sed
383 1890 415 1921 in
443 1897 542 1920 carne
567 1898 630 1920 non
658 1888 784 1928 confisi,
993 1891 1211 1923 Intenderunt
1236 1890 1267 1921 in
1296 1895 1465 1932 aspectum

342 1937 467 1979 Spiritu
494 1937 618 1979 Iudaei,
1046 1941 1143 1982 Legis
1173 1938 1280 1972 faciei.

192 2034 255 2064 6a.
289 2031 388 2063 Cuius
416 2030 523 2063 vultus
551 2030 733 2062 claritatem
895 2032 959 2067 6b.
993 2033 1141 2065 Necdum
1170 2031 1269 2067 videt,
1298 2031 1356 2063 sed
1384 2031 1513 2070 irridet,

289 2080 379 2113 Idem
410 2088 517 2112 rerum
544 2079 716 2111 veritatem
993 2082 1140 2114 Necdum
1169 2079 1294 2121 credit,
1329 2080 1386 2111 sed
1415 2080 1539 2112 recedit

336 2129 461 2162 Iudaea
487 2128 673 2160 caecutiens
1042 2131 1214 2171 Synagoga
1241 2129 1391 2163 mutiens,

192 2224 252 2256 7a.
287 2223 327 2255 Hi
364 2227 440 2254 sunt
466 2219 586 2254 fratres
615 2225 647 2253 et
674 2224 832 2262 germani,
898 2223 960 2259 Tb,
994 2224 1093 2257 Caelo
1119 2221 1207 2254 misit
1233 2225 1357 2261 septem
1386 2226 1490 2265 natOS,

287 2274 374 2312 Quos
401 2272 497 2304 beata
523 2280 587 2302 non
614 2270 704 2303 inani
924 2302 927 2306 ,
995 2270 1203 2312 Septiformis
1229 2270 1435 2302 confirmatos

336 2319 498 2354 Genetrix
524 2320 698 2362 praesagio
1044 2320 1186 2361 Spiritus
1213 2318 1380 2360 suffragio.

191 2415 252 2447 82.
284 2414 408 2454 Quibus
435 2416 541 2445 morte
566 2413 809 2451 consummatis,
899 2413 961 2447 8b.
997 2413 1070 2446 Pati
1097 2411 1217 2453 gaudet
1245 2416 1278 2443 et
1304 2412 1420 2444 salutis

290 2463 340 2495 Ne
366 2465 537 2504 superstes
563 2462 636 2502 ipsa
663 2462 750 2494 natis
999 2462 1120 2494 Forma
1147 2460 1242 2493 nobis
1269 2464 1301 2492 et
1327 2461 1459 2494 virtutis

338 2511 480 2544 Deesset
504 2511 538 2543 in
566 2510 682 2552 gloria,
1049 2512 1196 2543 Aeterna
1222 2510 1388 2543 memoria.
