1654 2756
148 753 207 786 la.

150 931 211 963 2a.

149 1107 209 1139 3a.

147 1282 210 1314 4a.

147 1458 209 1490 5a.

146 1633 209 1666 6a.

149 1809 201 1842 va

148 1985 201 2019 aa

136 2164 202 2197 ea.

122 2339 200 2373 loa

498 670 545 701 38.
576 669 611 700 In
631 667 840 709 conceptione
862 667 980 700 Beatae
1002 668 1066 700 MV.

236 750 362 791 Gaude,
390 751 481 790 virgo
507 749 690 792 singulam,

235 799 294 843 Tu,
323 808 405 840 quae
431 799 500 831 sola
526 798 693 840 generaris

285 848 379 882 Omni
403 857 517 880 carens
543 847 642 887 vitio;

240 928 314 961 Non
341 926 447 967 tetigit
474 935 534 958 nec
559 929 591 957 te
618 925 714 958 laesit

237 977 332 1010 Adae
358 976 480 1017 lapsus,
508 974 562 1015 qui
589 972 734 1006 cohaesit

285 1026 403 1058 Omnes
431 1022 566 1055 foedans
593 1022 720 1055 ceteris.

237 1106 336 1145 Quam
363 1111 426 1134 non
454 1101 555 1133 vineit
579 1099 715 1140 malitia,

235 1152 304 1184 Tua
330 1150 435 1191 praeit
461 1149 564 1190 initia,

283 1200 308 1232 O
336 1200 429 1239 virgo
455 1195 676 1237 mundissima,

239 1278 390 1312 Nondum
418 1280 489 1309 erat
514 1274 652 1308 mundus
678 1273 751 1313 iste,

235 1324 599 1367 Cumhancplacettibi,
612 1323 752 1362 Christe,

285 1377 323 1409 In
350 1379 488 1407 matrem
514 1373 643 1413 eligere,

239 1455 364 1487 Decens
392 1455 472 1492 erat,
500 1456 535 1483 ut
561 1449 700 1491 fulgeret

238 1505 322 1537 Prae
341 1501 475 1540 cunctis,
495 1500 616 1532 munda
635 1500 754 1531 niteret

283 1553 313 1584 A
341 1551 410 1583 Deo
436 1549 533 1590 paulo
559 1549 682 1587 minus;

238 1631 306 1663 Nec
332 1630 437 1662 minus
464 1626 589 1660 sanctifi
595 1630 697 1665 catur,

236 1681 300 1713 Per
307 1678 472 1713 Christum
483 1677 557 1710 dum
566 1676 797 1716 praeservatur

283 1727 467 1767 Redempta
493 1724 681 1768 perfectius,

203 1834 210 1841 .
238 1808 301 1847 En,
329 1806 480 1847 Baptista
498 1805 639 1837 nondum
657 1806 752 1835 natus

238 1856 391 1889 Creditur
415 1853 635 1887 sanctificatus

287 1905 330 1937 Et
355 1905 440 1936 lotus
467 1913 486 1936 a
512 1902 682 1942 sordibus;

204 2011 211 2018 .
239 1983 345 2016 Ambo
371 1982 515 2024 gaudent
540 1982 602 2014 Dei
627 1981 732 2024 donis,

235 2033 301 2066 Sed
326 2032 415 2074 vide,
442 2030 531 2072 paris
557 2030 713 2063 sermonis

285 2082 412 2121 Quanta
437 2080 480 2112 sit
507 2079 682 2112 distantia:

230 2161 302 2193 Hac
327 2160 433 2193 Aman
459 2158 493 2190 in
519 2157 641 2198 eculeo,

236 2209 328 2250 Quod
336 2211 514 2250 praeparat
520 2207 756 2248 Mardochaeo,

283 2259 427 2299 Ipsemet
453 2257 636 2299 iugulatur;

203 2366 209 2373 .
237 2337 303 2371 Sed
330 2347 394 2370 non
414 2337 532 2369 desunt
548 2336 755 2375 insultantes,

235 2387 307 2420 Hoc
333 2386 451 2420 donum
479 2386 540 2418 tibi
565 2389 732 2427 negantes,

234 2436 343 2469 Instar
367 2437 460 2476 picae
486 2435 681 2476 garriantes‚

285 2486 397 2526 Virgo,
426 2485 523 2526 plena
549 2485 673 2526 gratia3

849 748 907 784 lb.

849 924 909 959 2b.

849 1099 908 1132 3b.

847 1274 908 1309 4b.

848 1450 907 1484 5b.

848 1626 907 1659 6b.

849 1802 907 1835 7b.

849 1979 910 2014 8b.

847 2158 908 2192 9b.

825 2334 910 2369 10b.

933 749 1030 782 Alma
1056 750 1159 792 stirpe
1185 749 1355 791 Davidica‚

935 798 1005 831 Tua
1033 799 1130 831 datur
1155 798 1292 831 mirifica

983 847 1028 880 Et
1053 851 1166 880 sancta
1191 849 1371 887 conceptio.

935 926 989 958 Ad
1015 935 1085 958 esse
1111 929 1142 958 te
1168 927 1221 966 qui
1249 925 1386 966 vocavit,

935 973 979 1006 Et
1005 983 1024 1005 a
1051 972 1141 1006 faece
1167 975 1389 1015 praeservavit

985 1023 1084 1063 Signo
1110 1023 1185 1055 novi
1213 1022 1366 1055 foederis.

936 1098 1050 1132 Gratia
1079 1101 1139 1132 Dei
1166 1101 1289 1132 cunctis
1315 1101 1433 1140 potior,

938 1148 976 1181 In
989 1149 1126 1180 instanti
1141 1158 1203 1189 qua
1217 1149 1322 1189 primo
1334 1148 1455 1182 clarior

984 1196 1040 1238 Es,
1069 1197 1165 1229 stella
1192 1197 1383 1232 clarissima.

936 1274 1058 1315 Lapsu,
1087 1284 1149 1316 quo
1175 1275 1312 1307 mundus
1340 1276 1415 1312 ruit,

936 1324 1038 1363 Quam
1065 1324 1149 1356 laedi
1178 1334 1241 1356 non
1269 1324 1378 1356 decuit

983 1371 1053 1404 Nec
1079 1376 1110 1405 te
1137 1373 1183 1405 sic
1209 1374 1389 1413 neglegere.

935 1450 1014 1483 Eius
1042 1455 1091 1482 est
1118 1460 1190 1483 nam
1218 1459 1295 1483 vera
1321 1454 1435 1492 mater⁷

936 1497 1036 1534 Cuius
1063 1505 1111 1531 est
1138 1504 1170 1531 et
1195 1500 1265 1540 ipse
1292 1504 1396 1540 pater,

986 1548 1089 1580 Filius
1117 1552 1149 1580 et
1175 1548 1334 1582 dominus,

935 1626 979 1660 Ut.
1005 1636 1023 1659 a
1050 1628 1174 1659 cunctis
1202 1627 1408 1660 discernatur

940 1675 1048 1716 Virgo,
1065 1685 1125 1716 per
1139 1686 1234 1716 quam
1250 1677 1342 1708 nobis
1358 1676 1455 1710 datur

985 1725 1100 1765 Homo,
1129 1724 1190 1757 Dei
1217 1725 1313 1759 filius.

933 1803 1041 1835 Maria
1066 1813 1228 1844 nunquam
1255 1804 1394 1845 sorduit,

936 1852 1038 1885 Micat
1064 1861 1193 1892 semper
1219 1858 1249 1885 et
1277 1853 1389 1885 micuit

986 1902 1115 1934 Clarior
1141 1901 1315 1934 sideribus.

937 1981 999 2014 Ille
1023 1981 1114 2014 cadit
1139 1985 1171 2012 et
1197 1981 1335 2020 levatur,

938 2029 1039 2069 Haec,
1052 2038 1091 2062 ne
1102 2030 1208 2067 cadat,
1225 2033 1458 2069 praeservatur

987 2079 1065 2112 Nati
1091 2078 1311 2119 providentia.

936 2159 980 2191 Et
997 2158 1128 2195 Esther,
1155 2160 1233 2188 tunc
1251 2155 1455 2199 abscondita,

937 2207 1060 2240 Saevae
1087 2205 1150 2247 legi
1176 2214 1240 2237 non
1266 2205 1398 2238 subdita

986 2256 1050 2288 Per
1076 2262 1183 2295 regem
1212 2254 1406 2287 declaratur.

938 2334 1018 2367 Pica
1044 2335 1135 2365 veste
1159 2333 1288 2366 variata

940 2382 992 2415 Ab
1020 2382 1162 2414 uranicis
1187 2385 1354 2422 prostrata

938 2431 1061 2470 Nescit,
1088 2430 1161 2463 imis
1187 2435 1355 2475 occupata,

985 2480 1073 2520 Quae
1100 2480 1142 2513 sit
1167 2480 1229 2513 Dei
1255 2482 1412 2522 potentia.
