1654 2756
683 108 948 145 —284—

180 213 241 244 4a.
274 210 376 243 Scidit
404 209 477 241 dum
504 208 674 240 machaera

275 258 424 292 Iacobum
454 257 535 293 dira,

274 311 379 339 mente
405 304 601 346 lymphatica

276 353 422 386 Herodes
449 357 560 384 contra

277 404 405 434 Petrum
429 402 589 433 bacchans
608 401 786 441 conspirat,

178 483 236 514 5a.
268 479 447 511 Exstiterat

274 533 350 560 tunc
375 531 518 559 sanctum
545 527 676 566 pascha.

272 576 364 609 Audi
390 576 466 613 iam,
490 574 644 614 petimus,

275 624 410 659 Christe.
438 627 626 656 sanctorum

272 673 399 705 cantica
428 672 594 710 melliflua,

274 721 393 753 Nostra
420 729 541 752 necnon
569 724 597 750 et
625 721 725 754 eorda

277 768 452 809 purificans
476 769 581 800 visita.

178 850 242 882 6a.
275 847 376 888 Igitur
403 846 539 878 ecclesia

274 895 347 926 dum
373 904 432 935 pro
460 894 558 925 Petro
585 893 665 925 caeli
684 893 786 926 Deum

273 948 342 974 orat
371 951 498 983 cernua,

181 1022 240 1054 721.
271 1019 469 1060 Solvuntque
497 1019 601 1050 vincla
647 1040 653 1049 .

275 1067 380 1100 ferrea
405 1068 520 1103 omnia,

275 1116 388 1155 quibus
414 1125 497 1147 nexa

276 1162 402 1196 fuerant
429 1163 607 1203 apostolica

275 1211 435 1250 membrag
455 1211 535 1242 hora
552 1215 647 1251 atque
663 1211 697 1242 in
715 1212 788 1252 ipsa

178 1291 236 1322 Sa.
270 1289 322 1321 Sic
349 1294 490 1320 reserata
518 1287 623 1320 ferrea

275 1338 360 1370 ultro
388 1341 482 1376 porta

274 1386 402 1416 rediens
429 1385 469 1416 ad
497 1383 633 1424 agmina,

178 1465 238 1496 9a.
268 1463 385 1494 Annua
413 1462 500 1492 cuius
529 1460 610 1492 festa

272 1508 424 1543 Maxima
446 1513 613 1549 praestent
637 1509 763 1549 glandia

270 1568 393 1590 necnon
421 1561 449 1589 et
476 1557 618 1589 remedia

273 1606 417 1637 lassando
439 1606 645 1646 peccamina.

271 1655 425 1695 Congeris
451 1655 555 1686 ovium
583 1655 635 1694 qui

269 1703 369 1743 mnia,

151 1777 195 1810 10
208 1785 237 1809 a.
270 1775 389 1808 Clausa
414 1774 465 1814 qui
493 1782 628 1814 reseras,

272 1828 385 1854 cuncta
412 1823 483 1853 lava
511 1823 644 1854 crimina

268 1871 379 1903 delens
406 1874 539 1910 peccata

151 1945 234 1980 lla.
264 1944 449 1978 Almissona
476 1947 581 1974 turma

269 1992 321 2025 hic
347 2001 405 2033 pro
432 1996 464 2023 te
489 1991 615 2031 profert

269 2045 471 2081 congregata.

267 2112 383 2146 Procul
409 2123 428 2144 a
458 2111 550 2144 nobis

268 2162 330 2193 sint
357 2161 505 2200 adversa,

151 2114 193 2147 12
205 2124 233 2147 a.

871 206 933 241 4b.
965 207 1140 248 Ergastula
1166 206 1300 240 trudens

967 264 1060 295 quem
1087 260 1169 295 arta,
1197 258 1309 297 sperat

965 304 1091 344 reliqua
1116 304 1235 336 leviter

967 352 1074 384 vorari
1100 352 1244 385 membra

966 401 1072 441 capite
1098 401 1241 434 viduata.

867 477 930 511 5b.
964 477 1035 510 Hac
1059 478 1091 509 in
1119 478 1193 510 aula

965 526 1026 558 tibi
1050 530 1178 559 sacrata

972 574 1087 607 Votira
1114 576 1231 607 munia

967 624 1062 663 atquc
1086 624 1203 663 festiva

965 671 1093 710 suscipe
1111 681 1175 712 per
1200 676 1360 712 tempora,

965 719 1100 752 Orantia
1125 721 1253 761 agmina

966 773 1018 800 tua
1046 767 1158 801 fovens
1183 769 1298 809 gratia.

872 845 934 879 6b.
967 845 1063 881 Ecce.
1091 849 1184 877 nocte
1210 846 1318 877 media

966 894 1155 933 praeampla
1180 899 1293 926 assunt
1320 893 1470 934 angelica

968 941 1123 974 solamina

874 1019 937 1052 7b.
970 1018 1114 1059 Angelus
1140 1017 1224 1051 infit:

966 1077 1039 1099 mox
1066 1070 1121 1098 tua
1148 1067 1311 1099 circumda

966 1115 1037 1149 tibi.
1065 1115 1172 1154 Patre,

967 1164 1168 1201 vestimenta⁷
1197 1172 1330 1203 surgens
1358 1164 1432 1197 dein

964 1221 1035 1243 mea
1059 1220 1194 1251 sequere
1219 1212 1365 1252 vestigia.

869 1287 930 1323 8b.
961 1289 1127 1328 Agnorum
1153 1297 1277 1320 summa
1303 1290 1424 1329 adepta

965 1336 1110 1368 custodia

965 1383 1070 1416 defert
1097 1385 1182 1416 vitae
1208 1393 1339 1424 pascua.

868 1460 929 1493 9b.
965 1461 1178 1493 Vernulorum
1206 1460 1325 1494 famina

965 1508 1055 1541 Cura
1082 1509 1211 1549 suscipe
1232 1512 1376 1550 paterna

956 1559 1117 1597 potestate
1141 1558 1315 1590 commissa

963 1609 990 1637 et
1015 1606 1103 1637 intra
1132 1615 1190 1638 nos
1216 1607 1371 1648 florigera

962 1654 1123 1686 Recludas
1150 1655 1294 1694 paradiei

962 1702 1118 1742 gramina.

845 1775 886 1807 10
899 1774 930 1807 b.
962 1775 1037 1806 Iura
1064 1783 1123 1813 per
1149 1783 1289 1814 superna

964 1822 1023 1854 tibi
1051 1823 1136 1856 data.
1163 1823 1264 1856 Edita

962 1870 1150 1904 iubilamina

844 1943 883 1976 11
899 1942 929 1978 b.
959 1943 1071 1976 Firma
1096 1954 1157 1984 qua
1185 1946 1332 1978 columna

962 2001 1075 2024 secura
1100 2001 1182 2025 aune
1207 1998 1271 2026 stat

964 2041 1111 2083 ecclesia,

845 2112 927 2147 121).
960 2113 1099 2146 Dissona
1124 2115 1213 2147 iussu

964 2160 1038 2203 fuga
1066 2169 1179 2195 cuncta

554 2235 609 2266 13.
637 2234 674 2265 In
699 2233 899 2266 saeculorum
925 2235 1053 2267 saecula

224 2312 345 2346 Tropar.
376 2320 426 2336 ms.
449 2309 638 2338 floriacense
660 2318 736 2338 saec.
765 2309 809 2338 ll.
831 2310 902 2339 Cod.
923 2312 1051 2339 Parisiu.
1074 2311 1170 2339 Nouv.
1193 2320 1256 2348 aeq.
1281 2310 1363 2340 1177.
1385 2312 1420 2340 A.
1444 2327 1479 2332 -

146 2350 263 2377 Prosar.
291 2358 343 2376 ms.
369 2349 582 2377 Moissiacense
610 2358 686 2377 saec.
714 2348 788 2377 ¹¹l12.
811 2351 1017 2378 Privatbesitz.
1058 2349 1158 2384 (Daux
1184 2350 1203 2377 1.
1231 2360 1255 2378 c.
1284 2360 1312 2387 p.
1344 2349 1398 2380 160
1427 2353 1483 2390 sq.)

148 2390 181 2416 B.
202 2403 236 2407 -—
269 2389 326 2416 Die
354 2388 482 2416 Melodie
510 2389 603 2416 bietet
628 2390 669 2416 A:
695 2388 747 2416 der
773 2389 850 2416 Text
874 2389 926 2417 der
951 2394 1050 2417 ersten
1076 2389 1226 2426 Strophen
1252 2392 1293 2418 ist
1319 2391 1390 2418 aber
1415 2391 1484 2419 ἀοι-ἰ

147 2427 230 2455 stark
251 2427 437 2463 beschfidigt,
467 2427 527 2455 und
548 2436 578 2456 es
601 2429 640 2455 ist
659 2436 718 2455 von
738 2427 863 2457 Klausel
885 2427 899 2455 1
922 2437 978 2457 nur
1000 2428 1047 2456 die
1069 2428 1189 2457 Iuitiale
1211 2428 1399 2465 vorhanden3
1427 2429 1480 2465 2a,
