1654 2756
708 144 765 171 —K
809 125 878 161 133
929 143 974 151 —-

625 219 682 252 141.
715 220 757 253 De
778 220 878 253 Beata
899 218 1001 252 Maria
1023 220 1059 252 V.

179 289 238 325 1a.
266 291 348 334 Ave,
378 291 490 324 mundi
516 291 635 325 florens
661 301 746 335 rosa,
832 292 890 327 lb.
918 294 1000 332 Ave,
1029 293 1127 325 decus
1154 292 1337 333 viduarum,

267 339 410 380 Lampas
439 340 521 373 lucis
546 341 712 381 speciosa3
920 342 997 375 Flos
1024 345 1055 374 et
1081 350 1207 382 gemma
1232 341 1433 382 puellarum3

315 389 396 429 Ave,
425 392 531 422 mater
556 394 589 421 et
614 389 735 432 puella,
968 390 1049 431 Ave,
1078 395 1202 431 sancta,
1229 398 1299 430 ave,
1329 390 1392 432 pia,

317 436 416 469 Porta
443 438 536 477 caeli,
563 438 662 471 maris
689 439 796 472 stella.
968 439 1050 482 Ave,
1077 439 1166 470 mitis
1192 447 1210 470 0
1237 438 1354 472 Maria.

177 504 238 537 2a.
265 503 313 536 Tu
341 513 460 537 corona
486 504 680 548 reginarum,
830 506 889 541 2b.
917 506 966 538 Tu
993 506 1132 538 dulcedo
1158 510 1376 547 peccatorum,

267 553 464 593 Imperatrix
492 553 704 592 dominarum,
920 554 969 587 Tu
995 563 1052 594 pes
1080 558 1166 586 tutus
1193 563 1227 585 es
1253 555 1428 594 lapsorum,

315 601 470 641 Speciosa
494 601 680 645 margarita,
966 603 1017 635 Tu
1043 601 1180 634 infirmis
1205 602 1262 634 (las
1290 603 1438 642 salutem,

315 649 402 682 Rosa
426 651 501 690 gelu
527 659 590 682 non
617 651 741 683 attrita.
967 650 1091 684 Reddis
1111 659 1206 691 posse
1222 660 1280 692 per
1295 651 1458 685 virtutem.

178 717 238 750 3a.
269 716 332 748 Vas
360 718 498 750 electum
526 719 693 757 creatoris,
830 718 889 752 3b.
920 719 982 751 Per
1008 722 1039 750 te
1067 718 1154 750 venit
1180 718 1222 751 ad
1250 727 1306 750 nos
1334 718 1433 757 Deus,

266 764 434 798 Medicina
459 767 652 807 peccatoris,
920 767 963 800 Ut
990 767 1126 799 haberet
1151 767 1251 799 vitam
1279 776 1372 809 reus3

314 815 380 847 Per
405 817 438 846 te
465 815 529 847 reis
558 815 653 847 datur
681 816 766 848 doxa
968 817 1033 850 Per
1045 820 1078 848 te
1092 816 1212 848 mundo
1223 825 1332 848 verum
1344 823 1462 847 numen

315 864 365 896 Ac
393 863 521 897 deletur
546 863 637 896 Evae
663 874 759 897 noxa.
968 864 1207 905 Sempiternum
1232 864 1322 896 dedit
1341 864 1458 898 lumen.

178 934 238 965 4a.
266 933 349 972 Ave,
379 933 479 975 virgo,
508 934 612 964 mater
639 932 771 973 Christi,
829 932 888 967 4b.
917 932 965 964 Tu
992 941 1026 964 es
1055 932 1138 964 vitae
1166 941 1242 964 vera
1269 937 1374 972 porta,

267 981 355 1020 Quae
383 981 424 1012 de
452 980 541 1013 caelo
567 981 739 1020 suscepisti
919 981 984 1012 Per
1009 989 1104 1020 quam
1123 980 1215 1013 nobis
1234 981 1289 1012 lux
1308 984 1356 1012 est
1374 985 1462 1018 orta,

319 1029 410 1062 Nova
425 1032 528 1061 mater
541 1037 657 1060 novam
671 1029 807 1070 prolem,
967 1028 1064 1060 Alma
1090 1029 1191 1068 virgo,
1218 1031 1307 1060 tuum
1333 1033 1445 1061 natum

316 1077 407 1110 Nova
433 1077 530 1109 stella
555 1085 671 1109 novum
695 1077 807 1109 solem.
968 1076 1070 1108 Nobis
1098 1076 1162 1108 reis
1189 1076 1242 1108 sac
1269 1077 1445 1117 placatum,

178 1149 238 1180 5a.
267 1145 312 1178 Ut
339 1154 409 1176 cum
438 1143 532 1176 iustis
558 1146 590 1174 et
613 1143 717 1175 beatis
831 1143 889 1177 5b.
920 1143 964 1175 Ut
991 1146 1156 1175 cantemus
1183 1142 1331 1175 Alleluia

266 1193 475 1234 Expurgatos
501 1201 520 1223 a
545 1192 689 1232 peccatis
919 1191 955 1222 In
982 1196 1149 1223 aeternum
1177 1200 1255 1223 voce
1281 1192 1346 1232 pia.

315 1242 368 1274 Ad
394 1244 559 1274 aeternam
585 1248 676 1272 suam
702 1240 808 1271 lucem
968 1239 1109 1271 Hoeiam
1120 1243 1224 1281 pater,
1237 1239 1509 1279 bociamflamen,

313 1291 381 1322 Nos
394 1289 553 1330 perducat
563 1297 623 1328 per
632 1291 664 1320 te
675 1289 805 1331 ducem3
966 1288 1036 1320 Hoc
1046 1288 1109 1320 iam
1120 1292 1212 1320 natus
1221 1292 1377 1328 praestet.
1394 1289 1508 1321 Amen.

246 1358 334 1386 Grad.
357 1366 409 1384 ms.
430 1356 602 1384 Sedunense
624 1364 699 1383 saec.
726 1354 769 1383 13.
805 1355 877 1383 Cod.
894 1356 990 1391 Capit.
1007 1355 1155 1383 Sedunen.
1179 1365 1201 1382 s.
1224 1365 1251 1382 n.
1269 1357 1301 1382 Α.
1320 1371 1354 1374 -
1371 1356 1514 1391 Sequent.

169 1405 222 1425 ms.
250 1397 424 1424 sedunense
452 1404 528 1422 saec.
557 1392 631 1423 ’31]4.
674 1394 746 1422 Cod.
774 1394 871 1431 Capit.
895 1394 1044 1422 Sedunen.
1077 1403 1098 1421 s.
1125 1404 1154 1421 n.
1178 1396 1208 1422 15.
1233 1409 1268 1413 —
1291 1395 1431 1431 Sequent.
1462 1397 1515 1421 ms.

169 1435 342 1464 Sedunense
365 1442 442 1462 saec>
468 1432 503 1461 14
524 1438 553 1461 et
578 1432 620 1460 15.
664 1433 735 1461 Cod.
757 1434 854 1470 Capit,
876 1433 1024 1461 Sedunen.
1049 1444 1071 1460 s.
1095 1443 1122 1460 n.
1145 1434 1177 1461 C.

622 1527 686 1559 142.
719 1527 762 1559 De
786 1527 887 1559 Beata
907 1527 1009 1560 Maria
1030 1528 1067 1560 V.

182 1604 240 1637 la.
268 1602 368 1643 Virgo
394 1600 660 1642 prudentissima,

268 1651 377 1684 Mater
402 1650 624 1690 integerrima,

316 1700 438 1740 Regale
464 1698 660 1737 tricliniumg

181 1771 242 1803 2a.
272 1768 297 1801 Ο
323 1767 402 1800 felix
430 1775 602 1808 puerpera,

264 1819 354 1858 Quae
379 1819 545 1857 regentem
570 1815 681 1847 sidera

315 1865 441 1897 Mundo
467 1864 556 1905 paris
584 1863 704 1905 filium3

179 1936 240 1968 321.
269 1935 295 1968 Ο
321 1933 418 1966 stella
444 1931 663 1974 praefulgida,

272 1983 377 2023 Super
402 1983 510 2015 lunam
537 1982 658 2022 lucida,

319 2031 404 2064 Solis
431 2031 565 2063 vincens
592 2031 738 2072 radium3

181 2104 242 2135 4a.
270 2101 296 2134 Ο
322 2100 436 2133 domus
462 2099 617 2141 eburnea,

268 2149 415 2183 Granum
441 2149 511 2181 sine
532 2148 638 2191 palea,

317 2199 344 2232 Ο
372 2199 440 2230 vita
465 2198 672 2237 mortalium3

179 2271 241 2303 5a.
270 2269 322 2301 Da
347 2266 452 2308 nobis,
479 2266 634 2308 propitia,

266 2319 304 2350 ln
331 2316 466 2349 caelesti
491 2316 600 2357 patria

313 2366 459 2399 Salutem
486 2368 518 2398 et
544 2364 718 2406 gaudium;

246 2434 387 2470 Sequent.
404 2441 457 2460 ms.
473 2432 648 2460 Sedunense
663 2439 740 2458 saec.
756 2427 830 2458 ¹5l16.

167 2474 263 2502 Veni
285 2475 412 2501 sancte
435 2472 603 2508 spiritus.

885 1600 944 1633 lb.
975 1600 1024 1633 Ex
1052 1605 1150 1641 partu
1177 1600 1368 1640 castissima,

973 1650 1042 1690 Quo
1069 1650 1143 1690 plus
1171 1650 1275 1690 replet
1301 1649 1414 1682 intima

1024 1698 1172 1731 Caeleste
1198 1699 1399 1738 mysterium.

884 1766 944 1799 2b.
973 1767 998 1800 Ο
1026 1766 1121 1800 beata
1149 1767 1285 1809 viscera,

973 1815 1076 1848 Plena
1101 1816 1192 1848 caelo
1218 1815 1330 1855 ubera,

1021 1865 1109 1904 Quae
1136 1873 1193 1897 rex
1220 1866 1307 1897 suxit
1333 1865 1485 1897 omnium.

884 1933 944 1966 3b.
972 1934 997 1966 O
1026 1934 1175 1966 columna
1202 1934 1317 1967 solida.

974 1982 1073 2023 Virga
1100 1983 1187 2015 Iesse
1214 1981 1341 2024 florida⁷

1021 2031 1180 2064 Fructum
1207 2031 1289 2064 dans
1313 2031 1493 2072 egregium.

885 2099 947 2133 4b.
975 2101 1000 2133 Ο
1030 2099 1184 2140 Engaddi
1211 2099 1315 2137 vinea,

973 2149 999 2181 Ο
1027 2149 1108 2180 vitta
1133 2149 1295 2189 coccinea,

1023 2197 1049 2229 O
1078 2196 1176 2228 decus
1204 2196 1403 2230 caelestium.

886 2265 947 2299 5b.
975 2264 1051 2298 Tibi
1075 2265 1147 2296 laus
1175 2268 1207 2296 et
1233 2264 1338 2304 gratia

975 2314 1023 2347 Sit
1052 2317 1084 2345 et
1111 2313 1243 2346 Christo
1270 2314 1384 2354 gloria,

1023 2362 1132 2394 Decus
1157 2365 1189 2393 et
1215 2362 1397 2403 imperium.

867 2428 938 2457 Cod.
954 2429 1053 2465 Capit.
1069 2428 1218 2457 Sedunen.
1235 2439 1257 2457 s.
1274 2439 1301 2458 n.
1318 2445 1353 2449 —
1371 2431 1517 2460 Melodie:
