1654 2756
1404 76 1506 98 1⁴-J3gq
1516 91 1523 96 ,

681 120 724 124 -
779 97 847 134 186
899 119 942 123 -

193 202 252 234 Sa.
277 201 364 232 Ante
390 199 537 241 Dagnum
564 199 741 232 accersitur
891 196 954 230 3b.
984 195 1049 228 Sed
1075 205 1138 229 non
1166 196 1254 229 cedit
1279 195 1388 229 verbis
1414 196 1500 237 regis

280 248 322 280 Et
349 248 388 280 de
415 248 479 281 fide
505 248 704 287 convenitur,
979 244 1064 277 Fide
1088 243 1200 277 firmus
1227 248 1260 277 et
1285 244 1421 286 insignis

324 297 394 328 Rex
420 297 562 328 minatur
586 304 723 337 aspera;
1026 292 1272 334 Parvipendens
1296 293 1444 327 verbera.

190 385 250 415 42.
279 383 348 416 Rex
379 387 555 416 commotus
581 391 709 415 servum
737 382 797 415 Dei
890 381 953 414 4b.
981 381 1074 422 Solus
1102 386 1173 414 orat
1199 382 1389 423 immolaris,

278 432 452 471 Ergastulo
477 431 567 463 iubet
593 431 711 473 claudi,
979 431 1084 462 Intrat
1111 439 1207 463 sexus
1234 430 1408 472 puellaris:

331 480 506 512 Intendens
532 479 703 520 supplicia.
1029 478 1140 516 Nicea,
1170 479 1336 520 Aquilina.

189 568 246 599 53.
279 567 357 599 Mox
393 568 528 600 edoctae
555 576 634 599 sane
661 567 797 599 credunt
893 566 955 601 5b.
982 567 1069 598 Ante
1096 576 1201 607 regem
1230 570 1279 598 est
1304 567 1466 600 adductus

281 615 323 647 Et
351 625 369 647 a
397 616 527 649 Christo
553 615 737 657 percipiunt
980 613 1232 657 Christophorus
1242 614 1350 647 ferens
1362 614 1498 656 fructus,

329 664 481 706 Martyrii
508 664 664 704 praemia.
1028 663 1072 696 Ut
1100 664 1223 704 palmes
1249 664 1282 696 in
1309 664 1420 697 vineis.

191 751 210 782 6
226 759 255 781 a.
282 750 447 790 Alligatur
473 751 573 790 pedes
600 759 722 788 manus,
888 749 952 783 6b.
978 750 1040 782 Est
1065 750 1182 783 allatus
1208 752 1312 784 servis
1337 753 1433 784 lassis

279 797 341 829 Sed
358 803 481 839 martyr
495 802 793 838 statmentesanus‚
978 798 1082 838 Super
1110 803 1207 839 caput
1232 800 1300 832 eius
1327 802 1428 833 cassis

327 846 434 885 Virgis
462 855 573 878 caesus
599 845 724 877 ferreis.
1027 846 1183 879 Flammis
1212 848 1355 880 candens
1382 849 1497 890 igneis,

192 933 251 965 7a.
282 931 335 963 Ad
363 937 524 964 certamen
552 933 710 965 animatus
893 932 953 966 7b.
983 932 1153 966 Scamnum
1182 934 1260 966 ferri
1285 936 1369 976 ignis
1396 936 1472 977 urit,

279 980 385 1020 Super
410 990 572 1012 scamnum
600 984 648 1012 est
675 981 792 1021 ligatus
976 981 1019 1013 Et
1037 981 1197 1021 lignorum
1216 982 1376 1016 flammam
1393 985 1497 1016 nutrit

327 1028 474 1060 Civitatis
502 1029 627 1071 medioq
1024 1029 1094 1062 olei
1121 1031 1279 1071 perfusio,

188 1114 248 1145 Sa.
279 1114 410 1154 Dagnus
440 1114 515 1147 furit
542 1116 625 1147 sicut
653 1115 731 1155 fera,
887 1116 950 1149 8b.
979 1116 1111 1156 Dagnus
1138 1118 1226 1150 iubet
1253 1120 1446 1159 praeparari

276 1163 445 1195 Scamnum
472 1162 541 1194 fluit
569 1164 650 1195 sicut
677 1173 761 1201 cera*
975 1165 1112 1203 Lignum
1139 1176 1289 1208 magnum
1316 1172 1348 1199 et
1374 1169 1469 1209 ligari

322 1210 450 1251 Martyr
478 1212 605 1251 plaudit
631 1213 766 1252 gaudio3
1023 1213 1157 1246 Beatum
1186 1215 1469 1256 Christopherum.

190 1297 251 1329 92.
281 1296 358 1328 Mox
385 1306 404 1328 a
431 1307 505 1338 rege
531 1299 688 1330 satellites
886 1298 950 1332 9b.
979 1299 1060 1331 Tota
1088 1300 1140 1332 die
1166 1302 1358 1342 sagittantes

277 1344 391 1376 Vocati
418 1351 491 1377 sunt
520 1350 549 1377 et
577 1347 696 1378 milites
973 1347 1015 1378 Et
1043 1347 1075 1379 in
1103 1359 1219 1381 vanum
1245 1350 1431 1383 laborantes

325 1393 431 1425 Terna
457 1394 522 1425 tela
548 1394 688 1434 iaciuntg
1021 1396 1072 1428 Ad
1100 1407 1248 1430 occasum
1276 1400 1419 1432 veniunt.

158 1479 201 1510 10
218 1488 245 1510 a.
283 1478 385 1510 Nocte
412 1490 527 1520 corpus
554 1482 657 1513 sancti
685 1483 744 1514 viri
855 1482 939 1515 lob.
975 1483 1044 1515 Rex
1071 1493 1164 1517 mane
1191 1486 1256 1518 cito
1281 1487 1423 1530 veniens,

281 1527 381 1559 Caute
409 1527 485 1560 fecit
513 1530 669 1561 custodiri
975 1531 1088 1563 Statim
1116 1534 1235 1574 sagitta
1261 1536 1380 1567 saliens

325 1575 457 1611 Daunus
483 1578 599 1609 timens
626 1579 791 1619 populum.
1023 1580 1101 1612 Eius
1130 1587 1243 1623 crepat
1269 1584 1407 1619 oculum.

154 1662 193 1693 11
209 1670 238 1694 a.
274 1661 392 1692 Servus
421 1663 541 1694 Christi
570 1664 758 1705 decollatur,
854 1666 940 1699 llb.
980 1667 1059 1707 Regi
1087 1670 1167 1700 caeli
1196 1670 1315 1702 dantur
1341 1671 1464 1714 laudes,

273 1709 422 1748 Tangens
438 1716 557 1742 terram
582 1721 638 1743 rex
657 1718 791 1746 sanatur
970 1715 1039 1746 Rex
1066 1719 1215 1750 terrenus
1242 1719 1318 1751 inde
1347 1722 1466 1761 gaudet

316 1757 393 1790 Cum
419 1759 545 1790 modico
572 1761 737 1800 sanguine.
1020 1764 1182 1798 Restituto
1208 1767 1339 1800 lumine.

150 1844 192 1876 12
203 1853 231 1876 a.
269 1843 313 1876 Ut
339 1852 398 1883 per
423 1845 519 1877 talem
539 1855 595 1877 nos
613 1853 784 1886 patronum
847 1850 889 1883 12
902 1849 932 1881 b.
969 1851 1013 1883 Ut
1039 1860 1109 1884 cum
1137 1863 1174 1886 eo
1201 1855 1377 1895 gloriemur

270 1891 508 1932 Consequamur
542 1894 627 1926 vitae
655 1896 783 1936 donum,
965 1899 1008 1931 Et
1036 1909 1106 1933 cum
1132 1903 1204 1942 ipso
1231 1907 1492 1947 contemplemur

316 1940 536 1980 Deprecemur
561 1942 667 1982 hodie,
1016 1948 1193 1992 Christum³
1221 1961 1328 1993 regem
1355 1956 1490 1996 gloriae.

229 2036 314 2062 Miss.
337 2036 366 2063 S.
389 2037 518 2073 Remigii
540 2039 694 2067 Remensis
718 2042 786 2076 imp.
808 2043 908 2070 Remis
934 2042 1014 2071 1556.
1036 2059 1075 2064 —
1099 2046 1148 2080 lb,
1171 2047 1188 2075 ‘2
1205 2049 1261 2076 Dei
1284 2052 1349 2084 sui;
1371 2052 1489 2081 freilich

151 2076 188 2101 ist
212 2074 288 2101 auch
310 2074 465 2103 anderswo
487 2076 539 2104 der
553 2078 637 2104 Reim
659 2079 741 2106 m‘cht
763 2082 835 2108 rein.
852 2095 884 2101 —
900 2081 952 2111 41),
977 2082 988 2110 1
1014 2085 1052 2110 ist
1067 2088 1321 2116 unverstandlich.
1338 2106 1377 2109 —
1397 2090 1449 2124 7b,
1472 2091 1490 2120 2

151 2113 278 2140 flamma.
300 2128 335 2132 -——
362 2112 433 2142 1⁸21).
457 2113 475 2142 2
496 2123 561 2143 cum
584 2116 712 2144 Christo.

610 2229 684 2261 200.
722 2230 763 2262 De
786 2235 899 2264 sancta
921 2234 1026 2265 Clara.

180 2308 238 2340 la.
270 2310 348 2347 Ave,
376 2309 466 2351 virgo
494 2309 572 2342 felix
599 2311 707 2351 Clara,
875 2315 936 2348 lb.
964 2317 1046 2356 Ave,
1074 2324 1178 2352 mater
1204 2331 1378 2363 egenarum

265 2356 475 2390 Dominarum
501 2359 557 2391 lux
582 2360 764 2401 praeclara,
964 2365 1075 2398 Prima
1099 2368 1231 2402 Christo
1265 2373 1487 2418 reclusarum,

313 2406 412 2445 Quam
441 2407 634 2440 Franciscus
659 2410 780 2451 genuit.
1011 2414 1134 2454 Quibus
1160 2419 1299 2452 mundus
1326 2422 1437 2458 viluit.
