1654 2756
697 152 958 187 —252—

488 248 556 278 280.
596 246 630 278 ln
656 246 740 278 sesto
761 254 786 277 s.
808 244 903 277 Marci
925 243 1164 284 Evangelistae.

169 322 185 354 1
201 331 229 353 a.
263 321 400 353 Chorum
427 320 524 352 hodie
550 323 735 352 sanctorum
860 317 924 351 1b.
955 318 1044 357 Quae
1069 318 1230 348 mercatus
1256 317 1305 345 est
1333 318 1447 343 cruore

265 369 397 401 Scandit
425 369 556 401 Marcus
582 368 769 408 angelorum
956 365 1032 398 Solo
1059 364 1180 398 Christi
1207 372 1266 403 pro
1293 368 1402 393 amore

315 417 504 456 Adepturus
530 416 686 457 praemia,
1007 413 1145 446 Tractus
1171 411 1211 444 ad
1241 408 1414 450 supplicia.

169 498 230 529 2a.
266 494 327 525 Hic
354 497 400 524 est
427 494 483 525 ille
508 503 570 534 par
594 493 690 533 leoni,
862 491 926 524 2b.
956 491 1061 523 Huius
1087 493 1199 531 typum
1227 492 1258 519 et
1283 486 1419 527 figuram

264 541 801 581 Quemlohannesstantemthroni
958 540 1058 571 Vates
1085 538 1174 569 novit
1200 534 1386 589 adfuturam

316 590 404 621 Vidit
433 591 465 622 in
493 590 649 631 circuitn3
1005 587 1190 626 Absorptus
1216 585 1248 616 in
1276 587 1405 623 spiritu.

171 669 235 701 3³.
269 667 383 699 Mundi
411 667 495 706 rugit
521 675 581 706 per
606 666 769 698 desertum
863 664 924 698 3b.
958 663 1066 696 Verba
1094 663 1174 695 dura
1201 662 1339 693 miscens
1367 657 1460 712 bonis

266 715 430 747 Christum
450 715 592 755 prodens
607 715 638 746 iu
654 717 801 754 apertum
960 713 1037 744 Illos
1061 712 1185 752 poenis,
1214 710 1271 741 hos
1298 717 1426 740 coronis

313 762 463 795 Gentium
491 761 690 802 agminibus;
1007 759 1177 792 Contraxit
1202 756 1364 790 fidelibus.

168 840 228 871 4'a.
263 839 331 870 Nec
357 839 397 870 ab
425 849 460 871 re
486 849 597 871 manus
625 839 789 871 Samsonis
861 838 924 872 4b.
958 838 1011 870 Sic
1037 837 1140 868 leonis
1169 835 1289 868 Christi
1317 832 1421 873 fortis,

265 887 328 919 Ore
355 887 428 919 tulit
456 888 516 919 mel
544 888 656 926 leonis,
957 886 1017 924 Qui
1053 889 1181 925 praeest
1213 882 1333 915 inferni
1359 880 1473 921 portis,

265 935 362 967 Cuius
389 936 492 968 instar
517 935 664 976 pugionis
959 935 1035 966 Post
1053 933 1250 972 triumphum
1272 931 1362 962 dirae
1382 928 1496 960 mortis

314 983 426 1015 Rictus
453 993 549 1024 saepe
575 984 726 1016 laeserat.
1008 981 1152 1014 Gloriam
1183 982 1360 1012 enumerat.

173 1061 233 1091 5a.
267 1060 375 1099 Cepha
403 1060 533 1091 verbum
561 1060 621 1091 Dei
649 1058 737 1091 fante
863 1059 926 1092 5b.
958 1059 1053 1092 Circa
1078 1058 1230 1089 thronum
1258 1055 1436 1088 maiestatis

267 1108 369 1139 Huius
382 1118 493 1139 manus
506 1108 799 1148 scribuntsanctae,
960 1108 1029 1139 Iam
1056 1107 1088 1137 in
1116 1114 1215 1145 regno
1243 1103 1400 1136 claritatis

266 1156 352 1193 Quae
379 1157 562 1187 autoritatis
589 1161 697 1187 tantae
962 1156 1023 1195 Qui
1049 1154 1182 1186 laetaris
1210 1162 1279 1184 cum
1308 1151 1424 1193 beatis,

266 1204 355 1244 Sunt,
383 1208 416 1234 ut
443 1204 553 1235 eodem
581 1204 753 1235 mandante
961 1204 1057 1235 Solve
1082 1211 1183 1234 nexus
1209 1201 1380 1242 pravitatis

315 1251 435 1283 credat
460 1252 522 1283 iam
550 1252 698 1284 ecclesia.
1012 1252 1188 1290 Impetrata
1213 1250 1317 1282 venia.

246 1316 335 1343 Grad.
363 1326 406 1342 ms
442 1316 608 1344 Praedicat.
640 1317 840 1344 Insulensium
869 1319 1018 1347 (Arosiae)
1045 1324 1121 1343 saec.
1152 1313 1225 1341 ¹⁵56.
1254 1315 1324 1341 (jod
1357 1315 1499 1350 L'psalen.

169 1356 192 1382 C
214 1354 279 1381 513.
303 1371 337 1374 —
361 1354 409 1383 4a,
433 1356 450 1382 :3
472 1357 553 1382 Onus
576 1357 678 1382 instar.
703 1371 736 1374 -—
760 1354 904 1383 Melodie:
935 1356 1046 1383 Salve
1069 1359 1186 1382 mater
1209 1354 1444 1383 salvatoris.
1468 1362 1497 1379 u.

168 1402 247 1420 zwar
267 1393 313 1419 die
336 1393 476 1421 deutsche
498 1394 670 1430 singu-eise.
693 1395 764 1421 aber
785 1393 918 1430 gekiirzt.
934 1410 969 1412 —
986 1395 1044 1421 (ΧΓ.
1061 1394 1232 1429 Klemming
1253 1394 1306 1419 III.
1330 1403 1357 1428 p.
1382 1391 1434 1419 111
1458 1402 1501 1426 sq.

167 1432 232 1461 (aus
253 1431 383 1467 gleiclier
405 1433 529 1466 QueHv).

583 1498 646 1528 281.
689 1497 729 1527 De
752 1498 861 1528 sancto
883 1497 1074 1537 Margareta.

174 1569 233 1598 la.
268 1567 430 1606 Largitori
456 1569 646 1609 gratiarum,
863 1569 925 1602 lb.
958 1568 1172 1600 Decantando
1199 1567 1384 1605 iubilemus,

269 1615 333 1646 Per
359 1625 437 1654 quas
466 1617 543 1649 vicit
562 1622 606 1648 tot
627 1625 802 1656 poenarum
959 1617 1077 1649 Omnes
1104 1617 1132 1648 ei
1159 1617 1288 1648 laudem
1317 1617 1440 1657 demus,

314 1664 442 1704 Martyr
468 1665 531 1696 ista
559 1673 688 1704 genera,
1009 1666 1047 1698 In
1073 1669 1180 1697 aetate
1206 1670 1319 1696 tenera

167 1740 228 1771 2³.
260 1739 476 1779 Margaretam
503 1741 557 1781 qui
586 1741 709 1772 dotavit
863 1742 928 1776 2b.
960 1744 1088 1774 Annum
1103 1751 1201 1783 agens
1216 1742 1295 1774 haec
1309 1742 1498 1782 quintenum

264 1787 348 1818 Dote
374 1792 462 1820 tanta
489 1794 521 1820 et
548 1789 663 1820 ditavit
960 1792 1060 1824 Omne
1086 1791 1197 1822 mundi
1221 1791 1343 1831 sprevit
1363 1799 1497 1822 caenum

316 1836 465 1868 paradisi
492 1838 621 1877 gaudio.
1007 1840 1137 1872 Caelum
1165 1848 1300 1879 sperans
1325 1839 1480 1879 praemio.

170 1912 230 1944 3a.
265 1911 348 1944 Oves
374 1913 479 1951 pascit
506 1913 580 1945 dum
608 1915 736 1955 nutrici,
863 1916 927 1950 3b.
956 1917 1149 1956 Concupivit
1184 1926 1336 1957 sponsam
1362 1917 1498 1959 Christi,

264 1960 394 1992 Fraude
422 1966 534 2002 captus
560 1963 682 1994 inimici
958 1965 1044 2004 Quae
1071 1975 1144 1997 mox
1172 1969 1266 2005 capta
1293 1966 1391 1997 eorde
1412 1966 1500 1998 tristi

316 2009 500 2042 Praefectus
527 2011 680 2053 Olybrius
1006 2014 1165 2054 Sponsum
1193 2018 1265 2046 orat
1291 2014 1439 2046 sobrius:

166 2086 226 2117 42.
259 2085 428 2125 Miserere,
456 2087 588 2128 Christi,
616 2089 688 2127 mei,
859 2090 924 2124 4b.
958 2090 1076 2123 Cordis
1101 2092 1164 2123 mei
1190 2092 1401 2133 margaritam

263 2133 311 2164 Ne
341 2140 529 2174 pervertant
554 2137 602 2167 sic
628 2145 677 2168 me
704 2137 751 2168 rei
956 2139 1067 2179 Serva,
1095 2140 1236 2181 Christe,
1262 2141 1474 2173 incontritam

310 2182 425 2215 Mundi
450 2193 510 2224 per
535 2185 702 2224 astutiam3
1006 2188 1120 2221 Carnis
1147 2189 1351 2230 pudicitiam.

167 2260 227 2290 5a.
258 2259 370 2298 Agnae
397 2269 510 2292 nomen
538 2267 569 2292 et
596 2261 692 2293 fidem
862 2264 927 2298 5b.
960 2265 1084 2298 Nomen
1112 2268 1221 2299 statim
1250 2267 1386 2306 indicat,

263 2307 395 2345 Quaerit
422 2314 451 2340 et
479 2310 634 2351 originem
958 2315 1063 2346 Iesum
1093 2315 1257 2349 Christum
1283 2317 1465 2358 praedicat,

312 2356 499 2390 Praefectus
527 2359 679 2399 Olybrius
1004 2365 1064 2404 Qui
1092 2368 1200 2397 custos
1225 2369 1276 2398 est
1300 2366 1462 2406 virginum

316 2404 432 2438 Volens
458 2406 548 2438 illam
576 2408 693 2448 impius
1005 2413 1049 2445 Et
1075 2413 1259 2454 plasmator
1284 2415 1439 2456 omnium,

362 2451 432 2496 [Vi]
459 2455 521 2486 sibi
549 2457 705 2497 copulari.
1056 2463 1118 2495 Per
1154 2461 1245 2496 hunc
1277 2472 1374 2496 orans
1401 2463 1505 2498 beari.
