1654 2756
676 133 938 169 —145-

142 228 186 262 10
197 237 227 262 a.
255 228 366 270 Signis
393 230 511 262 claruit
852 232 937 265 10b.
967 232 1169 264 Praeclaruit

256 278 378 316 multis.
406 284 579 320 antequam
962 280 1215 321 multimodaque

256 327 479 360 monachicam
507 328 606 361 vitam
961 330 1115 361 virtutum
1142 329 1255 361 habitu

256 376 396 408 duxerat
407 387 416 418 ς
962 378 1066 418 copia.

142 454 184 487 11
197 463 227 487 a.
255 454 413 494 Sophiam
429 453 580 494 despexit
592 455 778 494 humanam,
852 455 890 488 11
901 454 933 488 b.
961 456 1037 494 Ipse
1063 453 1128 487 fide
1154 455 1312 486 subnixus
1338 464 1416 487 vera

257 506 372 535 nactus
400 507 449 535 est
963 502 1130 535 confracta

257 551 418 592 Aegidius
444 551 503 583 sed
529 550 721 591 angelicam.
961 552 1022 583 scit
1050 551 1273 592 redintegrare
1300 551 1436 592 integra,

144 629 187 661 12
199 637 229 662 a.
257 629 334 669 Ipse
359 628 457 661 hodie
850 627 933 662 12b.
962 629 1036 668 Ipse
1062 627 1160 660 hodie

256 685 316 709 nos
342 676 490 709 servulos
962 677 1004 709 ad
1031 677 1194 708 caelorum

256 734 332 757 suos
361 725 460 757 donet
484 733 619 757 munere
961 725 1081 766 gaudia
1107 724 1203 765 digne
1230 724 1346 756 ductus

256 773 415 814 angelico,
963 777 995 805 et
1023 773 1147 806 civibus

256 822 384 854 veniam
965 823 1125 854 caelorum

258 870 464 910 implorando
491 882 510 902 a
538 870 688 913 Christo3
962 874 1011 902 est
1037 871 1165 902 iunctus
1190 879 1251 910 pro
1278 869 1413 907 meritis,

483 949 540 981 13.
566 948 635 988 Quo
660 949 732 988 ipse
758 949 919 989 gloriosus
945 948 1137 988 triumphat.

213 1016 298 1042 Mis-s.
319 1014 609 1050 Brandenburgense
631 1016 700 1049 imp.
723 1015 846 1050 Lipsiae
870 1013 952 1042 1516.
975 1028 1012 1033 ——
1033 1012 1086 1047 3311,
1109 1013 1127 1041 2
1148 1013 1310 1041 sacerdote.
1333 1027 1369 1032 ——
1391 1012 1442 1046 8³,
1461 1012 1474 1040 1

138 1055 197 1088 Qui
221 1054 357 1081 invenili.
381 1068 415 1072 —-
440 1051 510 1086 lOb,
525 1051 543 1080 3
564 1055 595 1080 in
617 1054 731 1081 habitu.
753 1068 791 1072 -—
814 1052 884 1085 llb,
902 1052 916 1080 1
940 1054 1106 1081 subnixius.
1136 1067 1171 1071 ——
1197 1050 1267 1086 121),
1282 1052 1300 1079 4
1322 1056 1365 1079 est
1388 1055 1424 1079 et.
1448 1067 1484 1070 —

137 1091 207 1125 121),
223 1091 242 1120 6
262 1093 443 1127 promeritis.
458 1105 496 1110 —-
511 1092 642 1119 Melodie
663 1092 807 1120 offenbar:
832 1092 963 1120 Sancti
984 1093 1119 1119 merita
1142 1091 1350 1125 Benedicti,
1373 1090 1483 1117 welche

136 1132 274 1167 Sequenz
296 1130 372 1159 auch
394 1132 427 1158 iu
448 1129 587 1158 mancher
610 1130 752 1158 Hinsicht
772 1131 816 1158 als
839 1130 969 1166 Vorlage
991 1130 1100 1158 diente.

594 1223 657 1255 153.
690 1223 732 1255 De
753 1225 866 1254 sancta
887 1223 1025 1263 Agatha.

147 1298 206 1331 1a.
237 1296 408 1329 Gloriosae
851 1295 910 1329 1b.
939 1295 1152 1334 Salvatorem,

236 1345 378 1386 Virginis
404 1345 555 1386 Agathae
582 1342 700 1376 festum
940 1344 1113 1376 Victricem
1140 1344 1195 1384 qui
1223 1342 1339 1375 fortem
1368 1342 1456 1384 fecit,

283 1393 491 1428 celebremus
504 1403 513 1435 ς
986 1393 1227 1426 Collaudemus.

145 1476 208 1505 za.
238 1473 328 1505 Haec
353 1475 459 1504 aetate
486 1471 602 1503 viridis
850 1470 912 1504 2b.
940 1469 1074 1503 Restitit
1101 1470 1134 1502 in
1160 1470 1230 1501 acie

235 1521 420 1560 Quinctiani
446 1519 610 1560 praesidis
940 1519 1005 1551 Pro
1032 1527 1152 1550 corona
1175 1518 1299 1560 gloriae

282 1568 375 1602 Forti
403 1572 510 1600 mente
989 1567 1061 1599 Non
1089 1571 1265 1601 marcente.

143 1652 206 1681 3a.
234 1647 338 1685 Nihil,
366 1647 422 1683 ait,
452 1646 552 1678 tutius
850 1645 907 1679 31).
934 1645 1040 1677 Deum
1067 1654 1164 1677 unum
1191 1649 1312 1685 astruo,

233 1696 355 1729 Nostra
381 1695 456 1734 fide,
485 1695 592 1727 verius
939 1694 1026 1726 Deos
1054 1692 1154 1726 falsos
1183 1703 1300 1735 respuo

284 1745 501 1786 Christicola;
989 1742 1033 1775 Et
1059 1742 1159 1775 idola.

142 1826 204 1857 42.
232 1824 361 1857 Pornae
387 1826 511 1862 septem
538 1821 625 1854 filiae
850 1820 910 1854 4b.
938 1821 1032 1853 Hanc
1057 1821 1186 1853 moltire
1210 1820 1368 1861 virginem

232 1873 352 1906 Matris
379 1870 634 1912 Euphodrysiae
939 1871 1079 1911 Propter
1106 1869 1384 1909 pulchritudinem

279 1921 407 1962 Turpes
435 1929 510 1952 vere
989 1920 1180 1953 Accessere.

143 2003 205 2034 5a.
233 1999 306 2032 Non
333 2001 476 2031 terretur
504 1998 638 2030 vulnere
847 1996 911 2032 5b.
938 1997 1000 2029 His
1026 1996 1198 2029 medendis
1224 1995 1359 2028 artubus

234 2047 304 2081 Nec
329 2047 476 2080 mollitur
501 2055 645 2089 munere,
939 2047 1074 2079 Praesto
1101 2049 1151 2077 est
1176 2049 1309 2077 sanctus
1335 2044 1453 2077 Petrus

231 2097 415 2138 Torquetur
441 2096 474 2128 in
504 2095 615 2138 ubere,
941 2095 1049 2127 Verbo
1077 2103 1194 2126 curans
1221 2093 1358 2126 vulnera

280 2145 407 2179 Stridet
431 2144 517 2186 igne.
990 2147 1091 2184 Quam
1120 2142 1269 2183 benigne.

145 2228 206 2259 tia.
235 2225 336 2265 Virgo
363 2222 552 2265 laetissima,
853 2221 914 2257 6b.
943 2223 992 2254 Tu
1018 2221 1111 2254 nobis
1138 2220 1249 2252 obtine

233 2276 286 2309 Sis
312 2273 407 2306 nobis
432 2273 558 2313 optima
944 2271 1013 2302 Tuo
1040 2270 1227 2310 precamine

281 2322 399 2356 Tutrix
425 2322 573 2361 eorporis
992 2319 1045 2351 Ab
1071 2319 1158 2350 omni
1183 2319 1337 2351 mundum

331 2375 362 2404 et
388 2370 536 2412 animae3
1041 2377 1097 2400 eor
1125 2367 1272 2400 crimine.

213 2439 304 2468 Grad.
327 2447 381 2466 ms.
402 2438 649 2475 Aquisgranense
671 2437 742 2463 anni
766 2433 851 2464 1330,
890 2434 962 2463 Cod.
987 2435 1083 2470 Capit.
1106 2435 1327 2472 Aquisgranen.
1350 2436 1431 2464 XIV.
1454 2451 1491 2456 -—

137 2477 190 2513 Ga,
213 2477 227 2506 1
250 2478 371 2515 Agatha
392 2477 568 2506 laetissima.
590 2490 629 2494 -
649 2475 796 2503 Melodie:
819 2473 1101 2503 Laetabundus.

193 2529 232 2553 Bl
242 2537 257 2553 u
267 2535 315 2552 me
325 2548 331 2558 ,
350 2528 521 2557 Sequentiae
540 2527 677 2550 Ineditae.
704 2526 782 2549 VIII.
1219 2524 1254 2555 10
