1654 2756
691 141 934 177 ,93-

148 235 193 269 12
204 245 235 270 a.
263 237 442 278 Scriptoris
468 241 701 274 atramentario

259 285 306 318 Et
330 286 458 319 Mariae
484 288 656 330 privilegio

149 362 193 396 13
205 372 237 397 a.
263 363 346 404 Tua,
371 367 475 408 virgo,
501 367 692 408 magnitudo

287 416 430 446 nostram
459 415 548 448 levat
573 416 780 457 parvitatem,

149 490 195 524 14
206 500 235 525 a.
264 491 354 524 Tuae
381 492 503 535 matris,

311 541 413 581 Deus,
438 541 472 572 in
498 539 648 582 famulos,

263 588 439 620 Labiorum

311 637 487 669 reddentes
514 636 644 678 vitulos,

263 715 330 747 Pro
356 715 479 747 renatis

310 773 378 803 ora,
405 767 521 803 mater,
550 762 662 804 filium,

261 811 312 843 Ne
340 813 545 844 tremendum

310 865 407 893 ruant
433 861 464 892 in
492 861 659 901 iudicium,

149 715 234 749 152.

853 241 936 275 12b.
962 241 1130 274 Fir-matur
1157 247 1269 274 nostra
1293 240 1421 280 religio,

966 289 1188 324 Proscribitur
1213 289 1413 330 superstitio.

854 367 940 402 13b.
967 367 1085 401 Guttas
1110 368 1210 401 maris
1235 371 1404 400 enumerat

1012 417 1046 449 in
1057 418 1117 449 hoc
1128 425 1218 449 mare
1228 417 1358 449 mittens
1370 421 1483 450 ratem.

854 493 937 528 14b.
968 494 1102 526 Pietatis

1013 547 1165 574 converte
1191 542 1302 574 oculos

963 591 1007 623 Et
1035 591 1168 623 devotos

1010 642 1101 671 tuere
1127 639 1277 679 populos„

855 716 938 750 15b.
967 716 1011 749 Et
1039 718 1155 749 devoto

1015 766 1119 797 coetui
1146 765 1354 806 psallentium

967 814 1206 854 Sempiternum

1013 863 1187 903 impetrato
1215 863 1376 903 gaudium.

217 938 307 967 Grad.
330 947 382 965 ms.
406 938 644 974 Compendiense
665 947 742 967 saec.
768 938 810 967 14.
847 939 917 968 Cod.
940 941 1068 968 Parisin.
1094 938 1199 968 17:329.
1216 955 1252 959 —
1275 941 1331 967 Die
1356 939 1487 967 Melodie

137 977 276 1014 verlangt
290 976 462 1014 eigentlich,
484 977 550 1005 dass
567 976 610 1005 ’ἵει
626 987 652 1004 u.
670 977 712 1005 712
728 987 764 1005 zu
780 979 839 1006 ein
850 988 886 1006 er
902 978 1028 1015 Strophe
1043 981 1192 1015 vereinigt
1208 979 1332 1010 werden,
1359 979 1486 1006 welcher

139 1016 188 1044 die
213 1017 441 1052 Gegenstrophe
473 1016 597 1053 abgeht3
629 1017 667 1044 ob
694 1016 758 1044 also
788 1018 854 1045 eine
876 1017 978 1045 Liicke
1006 1018 1211 1045 anznnehrnen
1239 1019 1296 1045 ist?
1326 1033 1364 1037 -
1389 1015 1441 1049 3a,
1472 1016 1489 1043 5

139 1058 249 1091 stupet.

595 1168 643 1200 86.
677 1169 720 1200 De
742 1169 843 1200 Beata
864 1168 1025 1209 MariassV.

149 1262 208 1296 la.
237 1260 363 1298 Gaude,
391 1270 517 1301 gemma
545 1261 722 1301 virginalis,

235 1309 419 1350 Margarita
445 1309 616 1350 spiritalis,

288 1358 409 1391 Salutis
436 1359 649 1399 praenuntia,

148 1438 208 1470 2a.
238 1436 364 1476 Gaude,
391 1437 517 1468 culmen
544 1435 733 1478 honestatis,

237 1485 274 1517 In
302 1494 363 1524 quo
390 1487 534 1516 summae
558 1485 729 1525 potestatis

285 1533 400 1565 Turris
428 1533 657 1573 supereminet,

147 1614 208 1646 33.
237 1612 368 1651 Gaude,
395 1615 500 1643 mater
526 1621 645 1651 expers
672 1612 778 1648 maris,

237 1661 299 1693 Per
326 1670 420 1701 quam
449 1660 545 1692 datur
571 1670 635 1700 pax
661 1661 780 1693 amaris

284 1709 330 1741 Et
356 1709 493 1751 ingratis
520 1711 643 1750 gratia;

147 1791 209 1822 4a.
237 1788 362 1827 Gaude,
386 1797 505 1829 parens
533 1789 600 1819 veri
627 1788 716 1828 solis,

234 1837 367 1869 Vultum
394 1837 511 1870 videns
536 1841 611 1869 tuae
638 1837 740 1876 prolis

284 1885 321 1918 In
350 1885 468 1918 decore
494 1886 649 1926 proprio:

147 1967 208 1998 5a.
237 1965 362 2003 Gaude,
389 1967 458 1997 tota
485 1965 636 2008 delicata,

236 2015 331 2046 quta
357 2013 461 2046 Deum
489 2013 648 2046 collocata

284 2063 392 2103 Supra
418 2063 509 2103 regni
536 2063 672 2105 soliu1n3

145 2143 206 2176 68.
235 2141 362 2182 Gaude,
391 2150 467 2174 vere
492 2141 643 2185 gloriosa,

235 2190 382 2224 Caritate
409 2190 541 2232 copiosa

283 2239 428 2273 Devotos
455 2241 654 2281 amplectere

852 1261 911 1294 lb.
940 1261 988 1293 Tu
1015 1261 1156 1293 mederis
1184 1261 1307 1293 cunetis
1335 1260 1440 1296 malis,

939 1309 1105 1342 Medicina
1130 1310 1282 1350 specialis

987 1357 1109 1391 Contra
1135 1359 1242 1390 carnis
1270 1358 1359 1393 vitia,

850 1437 909 1470 2b.
938 1437 1026 1476 Quae
1052 1437 1238 1468 thesaurum
1268 1437 1420 1477 puritatis

937 1485 981 1517 Et
1008 1484 1167 1517 fecundae
1195 1486 1355 1517 castitatis

987 1534 1072 1574 Opes
1099 1534 1131 1565 in
1159 1543 1193 1566 se
1221 1534 1373 1566 continet.

850 1612 910 1645 3b.
938 1611 1143 1643 Admiranda
1167 1612 1263 1644 stella
1290 1611 1399 1650 mariS,

937 1660 1027 1699 Quae
1053 1665 1119 1692 tam
1146 1660 1227 1691 mire
1252 1660 1439 1692 sublimaris

988 1710 1023 1742 In
1052 1709 1185 1742 caelesti
1211 1709 1324 1750 gloria.

848 1788 908 1821 4b.
938 1788 984 1820 Te
1012 1792 1145 1821 coronat
1172 1796 1230 1820 rex
1257 1788 1287 1819 in
1316 1788 1410 1827 polis,

938 1838 1038 1877 Quem
1076 1837 1206 1869 lactasti
1231 1840 1363 1869 nostrae
1390 1836 1486 1869 molis

987 1886 1183 1926 Coopertum
1211 1886 1321 1926 pallio.

849 1965 910 2000 5b.
940 1966 1151 1998 Peccatorum
1179 1964 1349 2003 advocata,

938 2015 1002 2047 Per
1028 2018 1060 2045 te
1086 2018 1175 2046 tecta
1201 2018 1274 2044 sunt
1302 2016 1436 2052 peccata

987 2063 1130 2096 Tuorum
1159 2062 1314 2094 fidelium.

850 2142 909 2176 6b.
937 2142 979 2174 Et
1007 2151 1067 2182 pro
1093 2146 1188 2181 gente
1217 2140 1333 2171 vitiosa

938 2191 1004 2224 Ora
1030 2198 1128 2230 prece
1156 2189 1310 2229 pretiosa,

989 2238 1031 2273 Ut
1056 2238 1181 2280 possint
1210 2246 1387 2277 resurgere.

503 2322 533 2353 7.
562 2318 716 2352 Gaudens
746 2319 846 2352 decus
874 2318 1039 2351 assiduum

560 2367 783 2410 Supernorum
813 2367 986 2407 spirituum

562 2417 607 2450 Et
630 2426 717 2450 nunc
743 2420 776 2448 et
803 2417 837 2449 in
862 2420 1067 2457 perpetuum.

210 2495 297 2523 Miss.
320 2504 374 2523 ms.
396 2496 618 2531 Rotomagense
640 2503 717 2523 saec.
741 2492 787 2522 14.
829 2492 901 2521 Cod.
923 2493 1119 2529 Rotomagen.
1141 2490 1208 2519 277.
