1654 2756
733 173 992 209 —275—

194 269 254 303 2³.
286 269 432 310 Angelus
460 271 614 304 conduxit
641 281 722 315 eam,

196 483 257 516 3³.

196 698 259 730 4a.

198 912 258 943 5a.

203 1172 264 1204 6a.

291 317 378 350 Dum
404 323 530 352 rectam
557 321 645 361 cepit
669 322 790 354 lineam

341 367 430 399 Haec
457 368 490 400 in
517 370 611 402 cella.

291 483 381 516 Sicut
407 485 497 517 sidus
523 486 692 526 proprium

292 531 453 572 sponsum
481 533 542 565 Dei
568 533 668 566 filium

340 579 403 612 Est
428 581 568 622 adepta3

294 697 419 730 Cedrus
444 698 527 730 haec
553 698 742 738 spectabilis

293 745 350 777 Fit
377 745 526 786 hysoppo
554 746 684 779 humilis

345 793 438 826 Valle
464 799 594 833 nostra;

294 910 396 943 lsaias
423 910 550 949 cecinit,

297 959 340 991 Et
368 959 448 991 haec
475 959 566 1000 virgo
594 959 748 1002 meminit,

298 1008 423 1040 cuncta
450 1008 547 1040 modo
574 1008 693 1040 desinit

345 1055 438 1088 Bona
464 1066 578 1098 caeca3

296 1171 322 1203 O
349 1168 427 1202 felix
456 1179 607 1211 propera,

301 1219 447 1258 Supplex
474 1219 633 1258 accelera,

299 1267 349 1299 Ne
377 1267 566 1299 damnemur
593 1267 680 1298 velut

349 1325 427 1356 gens
453 1316 583 1348 misera.

892 272 955 308 2b.

896 485 957 518 3b.

898 698 960 732 4b.

900 911 962 945 5b.

902 1171 964 1205 6b.

987 272 1042 304 Sol
1068 281 1216 305 occasum
1243 271 1389 303 nesciens

988 321 1083 353 Hanc
1109 325 1230 354 castam
1257 319 1452 362 custodiens,

1040 370 1084 403 Ut
1109 370 1151 401 sit
1178 370 1276 402 clara.

993 485 1104 526 Neque
1131 486 1212 525 petit
1238 485 1346 525 alium,

993 535 1135 574 Sequens
1162 535 1361 573 evangelium

1043 582 1115 614 Non
1143 582 1289 621 dec-epta.

995 698 1135 729 Verbum
1163 697 1284 729 Christi
1311 697 1451 729 retinens

993 745 1127 786 Semper
1153 745 1213 778 fuit
1239 747 1406 777 continens

1043 796 1146 827 Carne
1174 799 1293 835 spreta.

995 911 1080 950 Quae
1108 920 1170 942 non
1197 908 1287 941 falsis
1315 909 1442 942 vatibus

998 959 1089 990 Fidit
1115 968 1173 990 nec
1200 959 1374 996 erroribus,

998 1008 1062 1040 Sed
1091 1008 1174 1038 veris
1201 1006 1402 1038 sermonibus

1046 1056 1106 1087 Est
1133 1057 1258 1089 edocta.

1000 1170 1146 1202 Vitantes
1173 1170 1297 1202 scelera

1000 1219 1101 1250 Nobis
1130 1218 1325 1250 confoederat

999 1267 1130 1304 Natum,
1157 1276 1249 1307 quein
1277 1267 1387 1307 genuit

1047 1324 1219 1356 puerpera.

280 1430 420 1466 Sequent.
445 1440 497 1458 ms.
520 1432 748 1459 Ravennatense
778 1433 848 1459 anni
879 1429 1039 1459 1585—87.
1064 1431 1134 1457 (fud,
1158 1432 1290 1458 claswn.
1321 1431 1378 1458 :³260
1399 1430 1475 1460 (132⁴.
1502 1429 1544 1457 15.

204 1469 244 1502 S).
266 1485 304 1489 —
325 1469 379 1501 5b,
401 1467 419 1496 2
442 1470 531 1497 Finit.
556 1486 586 1490 -
611 1471 741 1498 Melodie
764 1470 927 1498 natiirlich:
951 1471 1229 1498 Laetabundus.
1253 1485 1288 1488 —

208 1735 268 1767 la.

207 1950 269 1982 22.

206 2216 273 2246 3a.

618 1632 689 1663 304.
736 1632 776 1664 De
801 1634 913 1664 saneta
935 1633 1130 1673 Opportuna.

303 1733 428 1773 Gaude,
454 1733 556 1774 virgo,
584 1734 681 1766 laude
708 1734 816 1775 digna,

304 1781 401 1815 Cuius
428 1783 515 1815 vitae
541 1788 607 1815 tam
635 1782 773 1824 benigna

352 1830 507 1863 Refertur
534 1833 708 1872 discretim

302 1948 392 1980 Haec
419 1947 544 1979 relictis
572 1949 761 1989 parentibus

355 1996 552 2037 Carnalique
577 1997 715 2031 conubio

307 2045 424 2079 Cordis
453 2046 561 2079 tendit
587 2046 756 2079 affectibus

355 2095 391 2126 ln
420 2095 545 2127 Christi
572 2096 787 2130 matrimonio.

304 2212 510 2252 Propheticis

353 2261 492 2294 haerens
518 2261 722 2295 sermonibus

307 2311 405 2351 Virgo
430 2310 527 2344 floret

352 2359 509 2392 virtutum
532 2359 687 2400 moribus,

307 2408 429 2442 Vernat
455 2409 522 2441 vita

353 2457 447 2491 bonis
473 2459 628 2499 operibus

405 2506 471 2540 Sub
499 2516 619 2540 corona
643 2506 791 2548 praemii.

906 1734 968 1767 lb.

908 1948 971 1983 2b.

910 2213 973 2247 3b.

1002 1733 1123 1766 Christi
1151 1733 1249 1765 corde
1278 1733 1385 1766 ferens
1413 1735 1503 1776 signa

1002 1783 1174 1823 Nunquam
1202 1783 1350 1815 consistit
1377 1784 1518 1825 maligna

1051 1833 1089 1864 ln
1116 1836 1147 1863 te
1174 1832 1338 1872 cogitatio.

1003 1949 1040 1981 In
1068 1948 1162 1981 huius
1189 1949 1287 1981 maris
1316 1949 1478 1984 fluetibus,

1053 1998 1118 2031 Ubi
1145 2002 1235 2030 tanta
1263 1998 1421 2037 confusio,

1005 2046 1140 2079 Constat
1165 2047 1247 2088 iugis
1274 2048 1307 2078 in
1336 2047 1488 2088 precibus

1056 2096 1199 2135 Virginis
1226 2096 1472 2135 contemplatio.

1008 2211 1180 2244 vilissimis

1055 2266 1170 2301 operta
1196 2261 1341 2293 vestibus

1009 2310 1107 2342 Latet
1133 2309 1238 2342 lectus

1057 2368 1220 2399 apparens
1246 2359 1372 2401 opibus,

1008 2407 1147 2440 Gemens
1174 2413 1247 2440 orat

1057 2457 1193 2489 occultis
1220 2455 1351 2490 fletibus

1107 2506 1270 2548 Respectu
1297 2508 1457 2548 martyrii.

1313 2563 1372 2594 18*
