1654 2756
691 129 952 165 —288—

181 234 237 266 9a.
271 231 354 264 Nam
379 240 414 262 se
438 228 626 270 rogantibus
874 226 894 258 9
907 225 940 258 b.
971 224 1040 258 Sibi
1066 222 1241 256 contrariis

274 280 317 312 Et
344 278 567 311 invocantibus
969 272 1014 306 Et
1039 271 1238 305 adversariis

323 328 426 360 Adest
454 326 617 367 velociter,
1017 320 1186 354 Resistens
1210 317 1350 351 fortiter.

157 425 200 457 10
211 435 238 456 a⁴
270 424 295 456 O
323 428 409 455 tutor
433 423 565 462 optime,
850 418 935 453 10b.
970 418 1128 451 Succurre
1154 415 1231 448 filiis

275 471 406 511 Quirine
433 471 579 510 maxime,
969 466 1046 499 Tuis
1072 465 1204 498 auxiliis

323 521 462 553 Patrone
490 519 636 555 Nussiae,
1015 515 1119 546 Huius
1146 512 1313 550 eeclesiae,

157 617 197 650 11
210 627 238 651 a.
271 617 317 650 Ut
342 626 360 648 a
385 615 593 647 daemonibus
778 635 780 637 -
849 612 890 646 11
903 614 933 646 b.
966 611 1011 644 Et
1037 610 1119 643 caeli
1144 609 1249 650 gloria

275 665 319 696 Et
342 665 434 696 malis
460 664 606 695 omnibus
967 659 1041 692 Non
1068 658 1257 691 transitoria

324 712 495 744 salventur
519 711 636 752 iugiter
1019 707 1186 740 Fruautur
1210 705 1345 746 pariter.

232 809 321 837 Grad.
344 818 394 835 ms.
417 809 599 835 Novesiense
621 815 696 834 saec.
723 806 764 833 15.
788 806 859 833 Cod.
880 806 956 833 Mus.
982 804 1120 839 Archiep.
1142 803 1296 831 Colonieu.
1320 801 1361 828 VI
1385 799 1428 828 11-
1450 814 1488 818 -

155 845 207 880 63,
232 847 243 874 1
268 848 311 874 Ne
334 856 424 874 suam.

649 927 708 959 318.
751 928 791 958 De
813 936 836 958 s.
859 926 997 964 Quirino.

160 1012 218 1045 la.
251 1011 349 1050 Quam
377 1010 472 1046 beati,
501 1011 554 1050 qui
582 1009 684 1041 vocati
855 1009 870 1040 1
887 1007 916 1041 b.
948 1008 973 1040 O
1001 1005 1111 1038 fruitio
1137 1004 1288 1043 incunda,

254 1059 418 1092 Uniuntur
441 1057 578 1090 trinitati
947 1057 1046 1096 Quam
1073 1058 1256 1086 sanctorum
1282 1051 1448 1084 sitibunda

307 1107 459 1139 Fruendo
485 1107 642 1138 suaviter!
997 1103 1091 1134 Mens
1117 1101 1252 1142 requirit
1278 1101 1413 1140 iugiter!

160 1205 217 1237 2a.
251 1202 296 1233 Te
321 1201 471 1242 Quirinus
497 1200 720 1240 praegustavit
854 1199 915 1233 2b.
948 1199 1040 1238 Vota,
1067 1206 1192 1239 preces,
1223 1196 1445 1228 blandimenta

254 1250 298 1282 Et
323 1250 481 1290 gustando
508 1248 707 1280 conculcavit
950 1247 1092 1287 Spernit,
1119 1246 1224 1286 spirat
1248 1245 1291 1276 ad
1317 1247 1489 1286 tormenta,

304 1298 450 1339 Carnem,
477 1298 639 1339 mundum,
664 1298 790 1329 daemo-
1000 1295 1153 1327 Gaudens
1180 1293 1265 1326 fudit
1291 1293 1490 1333 sanguinem.

566 1354 649 1377 nem.

163 1444 222 1476 3a.
254 1442 379 1474 Instant
408 1440 480 1472 vani
855 1438 919 1473 3b.
951 1438 1035 1472 Fide
1062 1442 1180 1479 rectus,

258 1491 305 1521 Ac
331 1488 470 1531 profani,
952 1488 1017 1528 Spe
1043 1490 1182 1523 erectus,

307 1538 376 1570 Stat
402 1538 492 1569 miles
520 1537 710 1577 intrepiduS‚
1000 1535 1143 1568 Caritate
1170 1534 1326 1567 fervidus.

164 1636 225 1669 4a.
256 1634 327 1675 Eia,
355 1638 488 1674 martyr,
516 1643 572 1673 spe
599 1641 735 1665 coronae
858 1631 923 1666 4b.
956 1632 1124 1672 Linguam,
1147 1632 1248 1671 pedes
1266 1635 1363 1671 atque
1381 1638 1494 1662 manus

261 1682 357 1713 Brevi
383 1681 493 1721 perfer
517 1681 549 1712 in
576 1690 677 1722 agone
955 1681 1108 1712 Praecidi
1132 1679 1329 1711 Aurelianus

310 1730 553 1762 Tormentorum
581 1738 708 1770 genera.
1003 1728 1114 1760 Mente
1139 1728 1230 1760 iubet
1255 1727 1363 1760 effera.

168 1828 226 1860 5a.
260 1826 313 1859 Sic
337 1826 459 1857 cruoris
487 1826 582 1856 rivuli
859 1825 922 1859 5b.
951 1825 1026 1858 Una
1051 1824 1130 1856 caeli
1159 1824 1292 1867 civibus,

266 1874 422 1915 Martyris
449 1873 555 1906 eximii
953 1873 1069 1905 Altera
1094 1873 1284 1905 mortalibus

311 1923 409 1954 Binas
435 1922 535 1954 stolas
560 1924 761 1962 purpuram,
1005 1921 1188 1954 Virtutibus
1215 1920 1392 1962 fulgurant.

168 2020 229 2052 Ga.
260 2018 364 2058 Caput
389 2019 457 2050 eius
484 2018 671 2050 detruncari
859 2018 924 2051 fib.
955 2018 1020 2050 Res
1046 2018 1207 2058 miranda,
1235 2027 1331 2050 canes
1354 2018 1486 2058 cedunt,

266 2067 399 2099 Praeses
425 2066 557 2099 mandat
582 2070 678 2106 atque
703 2065 774 2098 dari
956 2067 1162 2099 Venerantur
1189 2076 1291 2107 neque
1317 2067 1452 2099 laedunt

311 2114 460 2148 Membra
485 2123 578 2146 sacra
604 2114 755 2155 canibus,
1003 2115 1115 2148 Morsu
1141 2116 1193 2148 vel
1217 2115 1422 2148 attractibus.

171 2212 233 2245 7a.
265 2211 395 2252 Martyr
421 2211 553 2252 Christi,
581 2220 599 2242 ο
626 2211 766 2254 Quirine,
863 2211 924 2245 7b.
957 2212 1001 2245 Ut
1025 2221 1082 2244 nos
1108 2221 1166 2244 sua
1194 2212 1317 2245 visione

268 2260 431 2292 Maiestati
459 2269 515 2291 nos
543 2259 671 2291 divinae
960 2261 1003 2292 Et
1031 2260 1117 2292 dulci
1145 2259 1298 2292 fruitione

317 2308 499 2341 Clementer
524 2309 683 2348 consocia,
1010 2308 1112 2340 Satiet
1137 2309 1170 2340 in
1197 2309 1310 2350 gloria.

247 2406 380 2433 Oration.
402 2414 455 2432 ms.
477 2403 506 2431 S.
530 2404 678 2433 Caeciliae
701 2405 888 2433 Coloniensis
909 2413 985 2434 saec.
1010 2404 1052 2432 15,
1075 2405 1146 2433 Cod.
1162 2406 1315 2434 Colonien.
1341 2405 1367 2435 1.
1388 2422 1426 2427 —
1448 2405 1501 2441 6b,

170 2441 188 2471 3
209 2445 257 2472 vel
277 2452 295 2470 a
316 2444 469 2472 tractibus.
