1654 2756
730 192 776 196 —
828 172 895 208 251
951 194 993 198 —

192 266 255 300 312.
285 265 382 299 Hanc
406 272 569 301 errantem
597 267 671 301 fons
697 271 824 304 revexit
896 272 959 306 3b.
990 274 1094 316 Quod,
1123 272 1198 304 dum
1224 271 1313 304 flevit
1332 272 1405 312 ipsa
1421 270 1532 312 flente,

289 314 333 347 Et
360 320 523 349 amantem
550 325 584 350 se
613 317 730 351 dilexit
993 322 1113 354 Fratre
1140 321 1213 353 vivo
1234 325 1435 362 resurgente,

339 364 486 404 Pietatis,
1040 372 1135 404 Patet
1163 370 1252 401 satis.

193 462 257 495 4a.
291 460 388 493 Hanc
413 465 490 502 post
515 462 642 503 lapsum
670 463 807 496 caelitus
893 465 959 500 4b.
991 466 1035 498 Et
1061 467 1209 507 regnavit
1234 468 1352 507 gratia,

289 509 500 550 Septiformis
526 510 663 552 spiritus
995 515 1065 553 Quo
1090 515 1182 556 prius
1207 516 1353 555 nequitia

342 559 570 599 perlustravit,
1047 563 1249 596 Abundavit.

191 658 254 689 5a.
286 655 483 688 Pharisaeus
510 661 699 700 murmurat,
897 659 960 694 5b.
994 659 1075 692 Silet
1101 660 1181 692 haec
1210 659 1412 700 simpliciter,

291 704 392 737 Iudas
420 703 562 737 fremens
589 710 749 748 susurrat,
992 708 1059 740 Dat
1085 716 1242 747 responsa
1269 708 1388 748 iugiter

291 752 396 793 Seque
422 763 517 786 soror
544 754 707 794 quaeritat
993 756 1143 789 Christus
1171 755 1350 788 efficaciter

338 802 388 834 De
414 802 477 834 hac
504 803 577 844 pia;
1041 806 1107 838 Pro
1132 804 1251 837 Maria.

193 900 254 933 6a.
287 899 313 931 O
341 898 421 931 felix
448 901 593 939 nimium,
900 902 962 935 6b.
995 902 1062 934 Nos
1089 905 1163 942 post
1191 902 1343 933 exsilium

291 948 380 987 Quae
406 953 471 980 tam
499 948 677 990 propitium
995 951 1125 983 Perduc
1150 950 1192 982 ad
1220 950 1379 992 bravium,

291 996 429 1029 Sensisti
457 997 632 1029 Dominum
995 1000 1063 1039 Quo
1084 999 1182 1038 justis
1209 999 1361 1038 gaudium

342 1045 419 1077 Post.
444 1050 581 1085 reatum,
1043 1047 1104 1079 Est
1130 1050 1291 1086 paratum.

271 1141 395 1168 collect.
424 1149 477 1167 ms.
499 1140 659 1176 Anglicum
688 1150 765 1167 saec.
795 1140 840 1168 13.
863 1139 934 1167 Cod.
956 1139 1125 1169 Londinen.
1148 1142 1263 1169 Arund.
1288 1140 1354 1169 248.
1378 1156 1413 1159 -
1432 1140 1492 1173 3b,
1522 1142 1539 1165 :⁷1

190 1180 290 1208 Pater.
314 1194 348 1197 —
371 1179 429 1206 Mit
450 1179 595 1206 Melodie:
627 1179 920 1211 Laetabundus,
951 1189 977 1206 ιι.
1001 1189 1080 1207 zwar
1101 1181 1148 1207 die
1171 1180 1373 1208 franzosische
1396 1180 1537 1207 >If-lodie.

189 1219 252 1247 Auf
269 1217 495 1246 franzosischen
511 1219 669 1253 Ursprung
691 1218 808 1245 scheint
829 1217 905 1246 auch
927 1218 979 1245 der
993 1220 1078 1246 Reim
1104 1221 1229 1253 „mentis
1249 1233 1286 1238 -—
1307 1217 1423 1246 dantis‘⁴
1441 1218 1502 1247 «la.
1518 1217 1537 1245 3

189 1267 217 1284 u.
244 1256 294 1289 lb,
317 1255 335 1285 3
357 1257 417 1284 und
442 1256 557 1291 „flendo
579 1270 616 1275 -
639 1256 754 1283 dando“
778 1255 842 1290 (21³,
865 1255 894 1288 2)
914 1256 1127 1285 hinzuweisen,

613 1395 682 1427 279.
724 1395 766 1427 De
789 1396 902 1427 sancta
924 1395 1125 1436 Magdalena.

193 1482 254 1516 la.
289 1480 366 1521 Spei
394 1491 488 1523 vena,
516 1481 614 1514 melle
641 1482 748 1521 plena,
895 1481 957 1516 1b.
992 1482 1055 1514 Per
1081 1491 1176 1523 quam
1204 1483 1268 1514 reis
1295 1483 1468 1515 innotescit

287 1530 516 1570 Collaudetur‚
545 1529 756 1571 Magdalena‚
991 1531 1086 1563 Vitae
1114 1531 1175 1573 via,
1204 1540 1242 1562 ac
1264 1532 1406 1572 patescit

337 1578 467 1618 Cordis‚
495 1580 561 1612 oris
588 1578 701 1619 iubilo⁷
1043 1580 1160 1620 Lapsis
1188 1580 1368 1621 reparatio,

191 1678 251 1710 2a.
284 1675 406 1708 Forma
433 1679 550 1716 pateus
575 1675 765 1715 paenitendi
896 1676 960 1710 2b.
994 1677 1082 1716 Quae
1110 1677 1282 1709 commissa
1308 1678 1361 1718 pie
1389 1677 1478 1709 flevit

289 1724 333 1756 Et
360 1725 532 1766 exemplar
558 1726 751 1766 resurgendi
994 1726 1037 1758 Et
1065 1736 1125 1766 per
1151 1725 1260 1758 fletum
1288 1727 1433 1759 abolevit

337 1773 445 1806 Datur
471 1774 535 1806 ista
561 1774 700 1817 miseris,
1043 1775 1158 1809 Cuncti
1186 1785 1302 1808 noxam
1332 1776 1489 1808 criminis.

190 1873 251 1905 3a.
283 1870 390 1903 Corde
417 1870 559 1912 fervens,
588 1880 646 1912 spe
674 1872 792 1905 devota
895 1872 958 1906 3b.
989 1873 1129 1905 Multum
1157 1882 1269 1905 amans
1296 1875 1369 1914 plus
1397 1875 1498 1906 amari

290 1919 457 1952 Christum
484 1921 576 1959 lavit,
605 1930 623 1952 a
650 1930 713 1962 quo
738 1921 807 1954 lota
993 1922 1036 1954 Et
1065 1932 1084 1954 a
1111 1923 1237 1954 cunetis
1268 1923 1439 1956 emundari

337 1969 474 2002 Veniam
501 1970 702 2010 promeruit3
1045 1972 1142 2004 Vitiis
1169 1971 1320 2004 obtinuit.

189 2069 252 2101 42.
288 2066 344 2098 Pie
371 2065 462 2099 flevit
489 2076 560 2100 cum
588 2067 649 2099 hac
674 2066 784 2109 flente,
895 2068 958 2102 4b.
992 2069 1103 2101 Prima
1131 2068 1234 2106 vidit,
1261 2078 1353 2110 quem
1383 2070 1545 2110 quaesivit

288 2116 409 2149 Fratre
435 2126 494 2149 suo
521 2119 722 2157 resurgente,
992 2118 1035 2150 Et
1063 2127 1157 2158 quem
1185 2118 1285 2150 corde
1308 2119 1504 2161 concupivit,

337 2164 499 2205 Christus,
526 2165 640 2198 mundi
667 2165 831 2210 gaudium,
1044 2167 1280 2207 Resurgentem
1309 2167 1494 2200 Dominum.

188 2266 250 2299 5a.
283 2262 380 2296 Felix
407 2272 484 2304 ergo
511 2273 580 2303 nos,
609 2263 726 2307 Maria,
896 2264 957 2298 5b.
989 2264 1035 2297 Ut
1061 2264 1093 2296 in
1121 2272 1221 2304 regno
1247 2264 1410 2298 claritatis

285 2311 405 2345 Servos
431 2313 508 2345 iuva
533 2321 632 2354 prece
659 2313 714 2354 pia
992 2313 1060 2345 Nos
1089 2312 1264 2353 coniungat
1296 2323 1369 2345 cum
1397 2314 1502 2347 beatis

334 2362 434 2403 Apud
463 2371 572 2403 regem
599 2362 734 2403 gloriae,
1042 2362 1148 2394 Dator
1173 2362 1414 2403 indulgentiae.

264 2458 429 2487 Colleetan.
452 2468 506 2487 ms.
527 2458 689 2494 Anglicum
712 2467 789 2486 saec.
815 2456 859 2487 13.
881 2458 953 2486 Cod.
976 2458 1143 2486 Londinen.
1166 2457 1279 2487 Arund.
1301 2457 1369 2488 248.
1386 2475 1423 2481 —
1444 2460 1499 2494 4a,
1524 2462 1539 2490 1

186 2507 215 2526 ιι.
237 2495 256 2526 2
278 2497 420 2526 erinnem
441 2498 526 2526 stark
550 2507 589 2526 au
611 2495 666 2530 3b,
692 2496 704 2525 1
730 2507 757 2525 u.
781 2495 799 2525 2
820 2497 873 2526 der
894 2497 1160 2533 vorhergehenden
1184 2497 1336 2534 Sequenz:
1361 2500 1447 2528 beid‹·
1472 2502 1541 2530 sind

184 2537 264 2566 wohl
286 2545 355 2564 vom
376 2536 516 2574 gleichen
538 2537 704 2566 Verfasser.
