1654 2756
148 234 210 268 22.

146 429 207 464 3a.

145 625 209 657 4a.

144 822 209 853 521.

144 1018 206 1048 b'a.

147 1406 209 1438 Sa.

148 1592 208 1624 9a.

247 233 311 267 Hic
337 244 478 276 superna
505 238 674 270 sanctione

244 280 347 317 Indos
372 284 455 324 petit
483 286 635 318 unctione

293 333 418 366 Doctus
445 334 549 366 sancti
579 335 726 374 spiritus,

245 428 318 463 Non
347 434 396 462 est
422 440 518 464 ausus
545 431 718 471 immutire,

247 477 385 512 Causam
414 480 588 512 innotescit
616 480 686 512 irae

297 528 360 560 Per
387 528 525 560 vicinum
553 528 692 567 idolum;

248 625 354 657 Addit
380 625 472 666 signa
498 624 644 663 notitiae,

246 672 357 712 Qualis
385 674 472 705 cultu
500 672 551 704 vel
579 672 673 712 facie,

289 721 381 762 Quod
408 722 442 754 in
472 729 570 761 prece
596 722 739 754 sedulus,

246 818 392 852 Daemon
420 823 533 852 sancto
560 819 741 860 imperante

243 868 399 909 Aegrum,
424 877 517 907 quem
538 868 685 908 possedit
703 872 788 908 ante,

294 917 405 957 Liquit
431 917 519 948 <licto
547 917 654 949 citius.

246 1015 388 1048 Praebet
414 1024 528 1047 aurum
554 1013 753 1052 mundatori,

246 1062 310 1095 Sed
339 1063 411 1105 plus
440 1063 486 1094 illi
516 1066 566 1094 est
592 1062 704 1093 ardori

291 1112 411 1151 Regem
440 1109 655 1152 lucrifacere3

183 1222 212 1241 ι.
250 1209 319 1242 Nec
347 1209 498 1240 virtutem
527 1207 602 1239 iusti
630 1204 738 1238 ferens

242 1257 370 1298 Templi
394 1257 474 1289 fines
502 1256 597 1296 liquit
623 1264 770 1287 maerens

295 1307 387 1338 Tunc
415 1305 538 1338 Christi
569 1304 768 1344 discipulus3

248 1404 285 1437 In
312 1403 364 1436 liis
391 1404 469 1435 deos
496 1411 625 1443 pessum
653 1402 704 1442 agi

245 1451 290 1486 Ut
316 1451 461 1492 allegant
489 1450 645 1491 Astryagi

295 1501 506 1540 Templorum
533 1497 717 1540 pontifices,

246 1589 296 1623 De
324 1597 438 1621 cruore
463 1587 644 1619 laureatum

243 1638 298 1671 Ad
328 1637 480 1670 Indorum
509 1638 715 1676 patronatum

295 1688 393 1727 Quem
422 1686 529 1717 evexit
555 1684 676 1724 passio,

794 139 863 176 173
913 161 960 167 —

856 240 918 276 2b.

855 439 918 472 3b.

854 624 915 658 4b.

852 821 918 854 sb.

853 1015 916 1049 61).

851 1201 916 1233 7b.

851 1386 915 1421 sb.

854 1583 917 1616 9b.

957 243 1043 276 Gens
1069 243 1101 275 in
1129 248 1216 276 terra
1241 243 1421 287 paganismi

954 291 1063 324 Sancti
1087 298 1157 333 eget
1185 293 1390 335 catechismi3

1002 341 1085 374 Hinc
1111 343 1266 374 Astaroth
1293 343 1426 374 territus

954 441 1065 472 Berith
1093 441 1208 481 pandit
1236 443 1276 473 de
1303 441 1401 480 socio,

954 489 1018 521 Cur
1044 493 1172 522 tenetur
1198 490 1338 530 silentio,

1001 537 1083 569 Nam
1111 538 1202 569 timet
1229 538 1422 578 apostolum.

954 625 1026 656 Non
1053 634 1113 665 per
1139 627 1230 665 signa
1256 626 1425 661 increduli,

953 673 1016 706 Sed
1044 682 1102 713 per
1128 675 1219 714 signa
1244 674 1390 705 miraculi

1000 721 1094 754 Hunc
1120 724 1264 762 agnoscit
1294 723 1442 762 populus.

953 820 1057 854 Credo
1084 821 1187 853 victus
1216 820 1412 860 declaratur,

950 870 1048 909 Regis
1070 874 1145 901 nata
1172 869 1374 900 emundatur.

999 918 1193 958 Triumphat
1223 918 1395 958 Polymius.

953 1016 1047 1047 Hunc
1073 1016 1227 1046 seductus
1254 1013 1403 1047 fallaciae

951 1064 1106 1103 Princeps
1135 1063 1267 1095 mandat
1294 1063 1326 1094 in
1352 1061 1445 1097 facio,

997 1111 1042 1144 Ut
1069 1116 1196 1143 cessent
1223 1120 1256 1142 sc
1283 1111 1398 1142 colere.

952 1200 1070 1233 Verbis
1097 1200 1191 1240 pluit,
1216 1198 1317 1239 signis
1345 1202 1445 1235 tonat„

949 1249 1106 1288 Sospitati
1134 1256 1248 1288 aegros
1277 1246 1385 1283 donat,

998 1297 1110 1330 Credit
1137 1306 1194 1329 rex
1222 1300 1253 1327 et
1277 1294 1426 1335 populus.

950 1386 1052 1420 Pellis
1077 1386 1187 1417 tunica
1213 1383 1331 1416 nudari

950 1436 1066 1474 Sicque
1092 1438 1239 1465 sanctum
1268 1430 1423 1463 decollari

997 1482 1138 1514 Mandat
1163 1490 1222 1522 per
1250 1479 1428 1512 carnifices

942 1570 1046 1616 'Votis
1074 1581 1159 1622 fave,
1187 1587 1309 1611 summe
1336 1577 1434 1613 Deus,

951 1634 1019 1672 Quo
1047 1629 1138 1663 nobis
1165 1627 1432 1661 Bartholomaeus

1000 1680 1071 1711 Non
1101 1678 1185 1710 (lesit
1211 1676 1372 1716 suffragio.

227 1781 320 1811 Grad.
338 1791 390 1810 ms-
411 1780 440 1809 Β.
457 1782 594 1809 Severini
611 1780 800 1808 Coloniensis
823 1780 893 1806 anni
919 1775 1000 1805 1530.
1037 1775 1107 1804 Cod.
1131 1777 1161 1801 S.
1185 1774 1321 1801 Severini
1337 1772 1488 1799 Colonien.

145 1834 168 1851 s.
198 1833 224 1850 n.
250 1837 287 1842 -—
319 1821 376 1854 la,
403 1821 420 1848 2
442 1822 532 1848 canit.
555 1835 592 1840 —
619 1818 681 1851 2b,
710 1817 727 1846 2
755 1818 940 1846 cathacismi.
963 1832 999 1835 —
1021 1814 1081 1849 21),
1109 1814 1127 1841 3
1148 1812 1299 1841 Astoroth.
1324 1827 1358 1830 —
1387 1810 1443 1843 311,
1480 1808 1491 1836 1

144 1864 274 1890 vinctus.
297 1876 333 1880 —
355 1860 408 1895 821,
432 1859 446 1888 1
469 1859 552 1888 deus.
575 1874 612 1878 —
634 1857 777 1886 Melodie:
820 1856 1021 1885 Maiestati
1044 1856 1329 1882 sacrosanctae.

588 1955 650 1986 185.
684 1955 726 1986 De
748 1954 857 1985 sancto
881 1951 1061 1984 Benedicto.

691 2030 706 2061 1
717 2055 724 2063 .
760 2026 951 2065 Benedicta,

758 2075 876 2109 dilecte

146 2173 206 2204 2a.
239 2170 320 2209 Deo,
349 2168 440 2201 cuius
468 2174 553 2199 nunc
580 2165 664 2198 festa

245 2220 355 2252 lucent
379 2215 522 2249 celebria

243 2271 360 2301 cuncta
387 2275 448 2307 per
471 2264 613 2298 saecula.

144 2371 164 2403 3
175 2378 204 2402 a.
239 2366 407 2408 paginulis

244 2419 416 2458 postquam
443 2418 479 2447 tu
506 2413 652 2456 mysticis

244 2466 349 2498 bonae
374 2463 495 2497 indolis

855 2164 921 2197 2b.
960 2161 1100 2199 Laudes,
1129 2167 1214 2198 ecce,
1243 2167 1300 2189 nos
1327 2165 1436 2189 omnes

854 2359 917 2394 3b.

952 2212 1017 2243 tuis
1042 2208 1224 2249 insignibus

953 2260 1065 2292 damus
1091 2256 1312 2289 concentibus.

954 2357 1152 2391 Ductoribus

952 2408 1074 2440 Romae
1101 2404 1256 2445 puerulus

952 2465 986 2488 es
1012 2455 1074 2486 iam
1104 2454 1250 2495 edoctus,
