1654 2756
726 118 962 154 -32-

215 217 236 248 4
246 226 276 248 a.
304 215 393 248 Haec
407 217 461 248 lux
473 216 572 248 Sarae
587 212 817 260 feci1[risum],

301 264 405 296 Caeco
428 268 506 296 natu
535 263 626 295 dedit
653 265 766 306 visum,

301 312 343 344 Et
371 314 411 345 de
437 316 512 344 ante
538 311 728 352 paradisum

351 360 438 392 Tulit
465 369 572 392 ensem
600 358 790 392 flammeum.

212 430 230 459 5
245 436 274 460 a.
302 427 367 458 Dat
385 427 551 460 Rebeccae
579 427 814 470 documentum,

301 476 397 508 Iacob
413 475 562 516 fragrans
578 477 814 519 vestimentum,

300 525 343 557 Ut
363 525 408 556 sic
428 526 515 564 patri
534 525 589 557 det
603 526 813 565 pulmentum,

347 573 438 613 Quod
465 573 549 605 hunc
569 573 651 605 velle
669 578 814 606 noverat.

211 640 275 674 62.
305 640 367 671 Hic
394 646 452 679 est,
482 641 533 673 hic
559 645 608 672 est
635 642 704 673 dies
729 641 796 682 ille,

302 689 338 720 In
365 699 427 729 quo
445 689 578 721 Samson
606 689 638 721 vi
664 689 815 722 maxillae

300 737 393 769 Solus
418 739 534 770 sternit
560 738 646 770 viros
672 738 761 770 mille

347 785 389 817 Et
416 786 520 818 victor
546 787 732 819 revertitur.

212 853 272 885 7a.
301 853 379 885 Dies
406 854 710 896 transmigrationis,

299 901 377 933 Dies
404 906 451 933 est
478 903 672 935 reversionis

298 950 348 981 Ex
375 950 525 990 antiquae
552 950 726 991 Babylonis

346 997 519 1030 Dominam
545 1000 697 1039 pessimo.

209 1065 228 1097 8
242 1075 271 1100 a.
299 1067 820 1107 Aegrum‚sedsemiperemptum‚

298 1113 396 1146 Secus
424 1116 507 1146 viam
533 1115 579 1146 sic
605 1116 769 1147 inventum

299 1162 388 1194 Iesus
415 1162 531 1194 tollens
557 1164 589 1194 in
616 1163 790 1195 iumentum

348 1211 426 1243 Fert
453 1211 495 1242 ad
522 1211 754 1249 stabularium

211 1278 271 1309 93.
301 1278 457 1319 Pauperis
484 1278 744 1320 emolumentum,

301 1326 391 1364 Quod
421 1335 480 1367 per
505 1327 594 1358 illum
624 1328 796 1359 violentum

302 1374 405 1405 Nimis
432 1375 487 1406 diu
514 1374 574 1406 fuit
601 1380 723 1407 tentum

348 1421 597 1456 Usufructuario
609 1435 616 1462 3

190 1488 233 1522 10
244 1499 274 1522 a.
304 1489 407 1522 Huius
434 1489 508 1522 festi
535 1496 770 1523 sacramentum

301 1537 391 1569 Licet
419 1548 477 1578 per
502 1540 755 1581 integumentum

302 1586 445 1626 Sparsim
472 1593 563 1620 vetus
590 1593 816 1620 testamentum

350 1636 490 1674 Mystice
516 1635 694 1676 significat3

191 1701 274 1734 lla.
303 1703 449 1742 Quinque
475 1702 554 1744 legis
573 1703 816 1745 prophetarum,

304 1750 383 1782 Octo
411 1751 714 1791 hagiographarum,

301 1798 425 1830 Novem
451 1799 527 1831 libri
554 1800 787 1840 scripturarum

351 1848 491 1887 Tempus
514 1848 574 1879 hoc
596 1849 814 1888 subinnuunt·‚

191 1915 233 1948 12
246 1925 275 1948 a.
302 1915 341 1947 In
367 1916 438 1953 hae,
466 1915 547 1957 Iesu,
577 1916 628 1947 die
656 1915 739 1947 festa

302 1963 405 1996 Saeva
430 1965 562 2004 quaevis
589 1967 621 1995 et
646 1965 792 2006 molesta,

301 2012 402 2055 Dura,
431 2012 513 2051 dira,
541 2013 636 2052 mala,
664 2017 787 2045 maesta

301 2061 345 2093 Et
363 2070 571 2102 quaecunque
589 2070 652 2094 non
670 2061 817 2094 modesta

350 2111 452 2142 Ter-as
477 2111 518 2142 ad
545 2111 722 2143 interitum.

911 216 975 249 4b.
1003 215 1108 256 Caput
1132 217 1247 254 anguis
1273 215 1493 256 conculcatur,

997 263 1069 302 Qui,
1095 272 1166 294 cum
1187 271 1315 303 semper
1332 266 1516 304 superatur,

999 310 1155 343 Nostrum
1178 311 1292 344 saltem
1312 311 1518 343 machinatur

1046 359 1195 393 Laedere
1221 359 1418 392 calcaneum.

910 427 969 461 5b.
999 427 1083 459 Dum
1109 430 1228 459 venatu
1252 429 1441 467 occupatur,

997 475 1228 516 Exspectatur,
1256 474 1312 506 sed
1340 478 1486 507 moratur

996 523 1041 556 Et
1066 534 1085 556 a
1111 523 1214 556 fratre
1239 524 1480 564 supplantatur,

1044 573 1105 613 Qui
1132 572 1252 604 lentem
1279 573 1436 613 cupierat.

907 643 927 674 6
943 641 972 673 b.
1002 640 1118 672 Portas
1142 639 1250 672 aufert
1276 640 1429 679 civitatis,

996 688 1197 730 Suffragatur
1224 688 1397 728 captivatis

996 736 1039 769 Et
1066 747 1125 778 pro
1151 737 1292 768 inimicis
1318 737 1419 778 gratis

1044 786 1131 818 Miro
1155 786 1251 818 modo
1276 787 1424 818 moritur.

912 853 970 887 7b.
998 852 1077 884 Dies
1103 852 1316 893 iubilationis,

997 901 1076 933 Dies
1102 900 1304 933 liberationis

991 950 1139 982 Indurati
1167 949 1347 981 Pharaonis

1040 997 1090 1030 De
1115 998 1188 1038 iugo
1216 997 1398 1030 durissimo.

904 1065 961 1099 8b.
989 1066 1061 1106 Qui,
1091 1066 1165 1097 dum
1194 1070 1285 1096 curat
1308 1065 1508 1105 semivivum,

997 1113 1112 1145 Vinum
1139 1113 1238 1144 mittit
1264 1117 1296 1144 et
1322 1114 1441 1146 olivum

998 1162 1188 1202 Recipitque
1216 1163 1402 1193 donativum

1045 1211 1214 1252 Duplicem
1243 1211 1423 1244 denarium.

909 1278 969 1312 9b.
999 1279 1146 1310 Irruente
1172 1277 1301 1310 fortiori

995 1326 1218 1366 Extorquetur
1243 1327 1361 1358 iuniori

997 1374 1221 1414 Redditurque
1247 1374 1439 1415 possessori,

1046 1424 1108 1455 Sed
1137 1423 1368 1463 proprietario.

886 1490 968 1523 lOb.
995 1492 1124 1522 Annum
1153 1491 1236 1522 hunc
1261 1490 1472 1530 acceptionis,

1002 1540 1114 1571 Caecis
1140 1544 1267 1580 tempus
1295 1539 1427 1570 visionis

1000 1587 1125 1620 Clausis
1152 1592 1183 1619 et
1209 1587 1397 1627 apertionis,

1045 1636 1148 1669 Isaias
1172 1635 1354 1676 praedicat.

887 1703 903 1736 1
916 1703 971 1736 lb.
999 1703 1179 1744 Prophetia
1205 1703 1363 1744 Danielis,

997 1752 1063 1784 Ioel
1091 1756 1122 1782 et
1148 1751 1343 1790 Ezechielis,

999 1800 1195 1841 Sophoniae,
1223 1800 1383 1833 Samuelis

1046 1849 1114 1881 Nos
1128 1848 1171 1880 ad
1186 1850 1246 1881 hoc
1259 1851 1516 1889 praeinstruunt.

888 1916 969 1950 12b.
1000 1918 1065 1949 Fac
1084 1917 1252 1960 superbos,
1280 1926 1423 1958 magnOS‚
1445 1927 1517 1951 reos

998 1965 1107 2007 Mites,
1140 1975 1258 2005 parvos
1282 1970 1315 1998 et
1340 1967 1514 2009 zachaeos,

1000 2014 1192 2046 Peccatores
1220 2014 1271 2046 fac
1298 2016 1449 2058 Iudaeos,

998 2063 1112 2104 Pigros
1126 2068 1295 2104 promptos
1306 2068 1337 2096 et
1348 2064 1517 2097 Hebraeos

1048 2112 1222 2145 Celebrate
1247 2114 1431 2145 transitum.

258 2177 342 2204 Miss.
364 2177 614 2204 Tharentasiense
643 2177 713 2212 imp.
735 2173 901 2213 [Lugduni]
929 2186 973 2204 ca.
997 2176 1080 2205 1520.
1104 2193 1138 2197 —-
1164 2177 1212 2211 la,
1235 2177 1253 2205 3
1274 2182 1407 2206 mutatur
1429 2180 1516 2207 than-

178 2215 277 2250 theta3
305 2215 380 2243 Tau
406 2216 484 2242 wiire
510 2215 676 2251 zweisilbig
702 2224 738 2241 zu
766 2216 865 2247 lesen,
893 2216 963 2243 oder
990 2224 1059 2244 man
1081 2218 1206 2253 erganze
1230 2218 1312 2252 „Tau
1333 2219 1371 2245 in
1392 2218 1517 2253 Theta‘,

178 2256 234 2283 wie
261 2254 486 2282 Misset-Weale
516 2255 551 2287 91,
580 2264 608 2290 p.
636 2253 703 2290 256)
728 2254 933 2290 vorschlagen.
960 2270 997 2274 —
1024 2253 1075 2283 2a.
1098 2254 1112 2282 1
1141 2256 1259 2284 festina.
1287 2271 1318 2275 —
1352 2255 1406 2289 3b,
1425 2256 1443 2284 2
1470 2258 1518 2286 die

179 2294 286 2328 Quelle
306 2293 358 2322 hat
380 2294 432 2321 das
455 2294 579 2330 richtige
603 2292 780 2329 „ventrem“‚
801 2293 884 2320 nicht
906 2294 1054 2330 „ventre“‚
1078 2296 1133 2322 wie
1147 2295 1374 2324 Misset-Weale
1390 2297 1407 2323 l.
1423 2306 1447 2324 c.
1464 2306 1515 2324 an-

180 2335 284 2367 geben.
306 2347 343 2351 —
365 2333 415 2365 5a,
437 2331 454 2360 2
480 2334 620 2369 flagrans.
640 2347 677 2352 -
698 2331 749 2364 6a.
770 2330 788 2359 2
814 2333 846 2359 in
866 2333 997 2360 maxille.
1019 2348 1058 2353 η-
1079 2331 1133 2366 8b,
1154 2331 1173 2361 2
1194 2338 1224 2362 et
1244 2334 1351 2362 oleum.
1373 2350 1411 2353 —
1432 2336 1517 2364 Nach

183 2370 250 2405 loa,
273 2370 290 2399 2
312 2373 352 2400 ist
372 2372 424 2399 der
445 2372 673 2409 iiberschiissige
694 2372 768 2399 Vere
789 2372 1021 2407 eingeschoben:
1050 2373 1091 2399 Et
1110 2372 1224 2409 figurae
1244 2373 1457 2403 velamentum.
1478 2389 1515 2394 —

182 2410 252 2445 lla,
273 2410 293 2438 4
321 2412 485 2439 subinnuit.
507 2428 542 2431 -
565 2411 694 2439 Melodie
722 2411 761 2438 ist
789 2411 933 2439 offenbar:
963 2412 1091 2439 Lauda
1119 2411 1225 2445 Sion,
1253 2413 1343 2440 bezw.
1365 2414 1518 2442 Laudes

180 2452 314 2479 crucis.
