1654 2756
690 129 956 164 -122—

194 234 253 266 5a.
283 228 371 265 Haec
396 230 572 263 ascendant
599 229 630 260 in
651 235 795 265 camena,
841 224 904 258 5b.
932 222 971 258 ln
997 233 1073 256 arce
1098 225 1162 256 sita
1187 224 1267 264 poli,
1293 224 1327 254 in

327 289 346 311 o
371 282 485 315 mater,
512 282 623 308 nostra
649 278 733 315 vota,
978 272 1108 305 divinae
1134 272 1222 304 sedis
1249 274 1331 310 rota,

279 328 394 367 Quiste
401 323 628 365 prosequendo
636 323 794 363 canimus;
929 319 1016 352 Nato
1030 318 1142 360 profer
1155 319 1235 351 haec
1249 319 1450 360 precamina,

329 379 364 405 tu
391 374 525 413 dignare
980 369 1051 401 vela
1079 367 1210 406 delicta,

329 431 386 453 nos
413 425 444 452 te
471 420 605 460 stipare,
978 426 1018 449 ne
1046 416 1196 448 districto

331 479 424 502 sacra
451 469 541 510 virgo
568 472 653 507 tota;
978 465 1043 497 sint
1069 465 1194 497 arbitro
1221 467 1308 496 nota.

197 535 247 566 oa.
275 529 416 566 Kariton
445 536 569 569 emota,
599 531 738 570 deposce
842 530 902 564 6b,
931 527 1023 563 hima
1057 527 1243 559 consciendi
1272 536 1328 558 nos
1354 531 1450 568 urget

328 581 390 612 tuis
415 579 567 615 vernulis,
596 579 697 619 virgo,
978 578 1011 609 in
1036 577 1131 608 huius
1157 575 1256 608 saecli
1284 585 1398 617 pyrgo,

280 629 412 662 Gratiae
439 627 650 668 gratificantis
931 625 1153 658 Paenitentiae
1179 625 1299 665 largire

329 677 558 709 adminiculum
569 686 577 719 ;
978 673 1204 706 redimiculum
1215 684 1223 710 ;

281 726 384 764 Nunc,
412 729 515 757 mater
541 723 759 762 festivissima,
930 724 1006 764 Fac,
1035 722 1129 762 pyxis
1155 722 1382 761 unguentaria,

327 775 435 814 puella
462 773 557 812 bella,
980 771 1058 803 fella
1084 770 1195 811 mella,

281 822 409 854 Exhibe
435 822 585 862 precibus
930 820 1131 852 l’rendamus
1156 821 1193 850 ut
1218 821 1292 850 tuae

325 871 406 902 sacri
444 870 583 902 flaminis
609 870 794 910 igniculum.
978 867 1171 900 hereditatis
1201 865 1391 899 funiculum.

194 934 251 965 Ta.
281 930 539 966 Mansuetissime
566 933 649 973 lesu,
845 932 902 965 Tb.
932 928 996 965 Nos
1026 931 1115 962 salva
1146 930 1261 962 dantes
1287 929 1401 962 laudes

328 981 458 1012 verbum
487 981 601 1012 summi
628 982 740 1021 patris⁷
978 980 1105 1012 Mariae
1131 983 1206 1010 tuae
1232 978 1358 1011 matris,

191 1040 251 1073 Sa.
281 1040 306 1071 0
335 1040 456 1071 candor
481 1038 669 1071 indeficiens
841 1038 900 1071 8b.
931 1035 1048 1070 Pervia
1075 1037 1205 1069 Christo
1232 1041 1337 1076 porta,

281 1096 318 1118 ac
345 1087 497 1118 uranicae
524 1087 631 1118 curiae
929 1090 1115 1117 cunctorum
1144 1085 1448 1117 haeresiarcharum

425 1136 555 1176 rectrix,
1075 1135 1206 1171 sven-ix,

329 1183 458 1214 Gestrix
486 1182 628 1223 sophiae,
979 1181 1112 1213 Nectrix
1140 1181 1265 1214 Goliae.

192 1242 252 1273 9a.
281 1240 808 1280 Quamcelebristucomprobaris,
844 1240 902 1273 9b.
932 1237 1138 1272 Rhinoceron
1167 1239 1289 1270 intacta
1315 1240 1414 1281 paris,

284 1289 392 1320 Mater
418 1288 600 1327 singularis,
934 1288 1030 1328 Virgo
1056 1288 1338 1327 praemonstraris‚

282 1337 319 1368 In
347 1335 450 1367 foetus
478 1335 568 1367 effusi
595 1337 684 1376 virga
930 1336 1012 1367 Dum
1040 1335 1204 1367 unicornis
1230 1344 1367 1368 accursu

329 1383 497 1424 figuraris3
978 1384 1187 1424 consignaris.

171 1444 213 1474 10
225 1452 253 1474 a.
283 1439 388 1475 Stella
414 1442 564 1482 candens,
594 1451 724 1482 gnaram
819 1442 901 1474 lob.
930 1438 1032 1473 Tinea
1058 1450 1121 1472 non
1150 1445 1259 1472 verrat

329 1491 384 1521 des
410 1489 619 1529 influentiam,
976 1495 1009 1520 ut
1037 1490 1277 1530 conscientiam,

282 1538 406 1570 Iubaris
434 1539 479 1569 tui
507 1547 545 1569 ne
572 1547 631 1578 per
927 1538 1107 1569 Theotocos
1132 1537 1279 1577 benigna,

329 1596 499 1628 pereamur
525 1586 715 1619 absentiam.
974 1586 1085 1625 procul
1114 1586 1199 1625 pelle
1229 1587 1432 1619 dementiam.

168 1645 251 1678 11a.
281 1642 366 1676 Vitis
394 1645 490 1684 mitis,
519 1644 627 1684 rigans
653 1649 765 1675 nectar
821 1645 857 1675 11
873 1643 902 1675 b.
932 1640 1043 1676 Xeron
1071 1643 1182 1683 philoy
1210 1649 1367 1683 quatenus

327 1692 465 1724 affunde.
977 1691 1105 1724 abunde

282 1739 407 1771 Refecti
436 1740 564 1771 caelicis
591 1741 725 1780 poculis,
930 1740 1123 1780 Pinguemus
1147 1749 1184 1771 ac
1211 1740 1386 1772 indivisum

330 1788 369 1819 de
396 1788 511 1819 ebriati
539 1787 691 1821 fontibus.
976 1797 1108 1828 regnum
1119 1788 1494 1824 nobiscuminsontibus.

171 1847 252 1878 1211.
282 1843 375 1879 Ydos
403 1846 521 1878 throni.
550 1846 671 1885 gloriae
819 1846 899 1878 121),
929 1843 1086 1878 Zabulum
1115 1850 1145 1877 et
1171 1847 1297 1879 scoriae

283 1895 394 1926 Pirous
421 1894 549 1932 lumine,
931 1896 1075 1926 satorem
1104 1894 1257 1935 fugando,

330 1943 390 1974 hoc
416 1943 545 1983 placare
572 1942 724 1974 libamine
981 1947 1013 1973 ut
1041 1943 1147 1974 valeat
1173 1944 1261 1975 istud
1289 1954 1399 1987 avens,

280 1991 510 2031 Assistensque
928 1991 1019 2031 Quod
1047 1992 1145 2023 donat
1171 2001 1204 2023 se

329 2044 526 2079 promentem
553 2039 586 2070 in
613 2039 759 2071 examine
979 2041 1186 2080 sequentibus
1211 2042 1282 2081 ipse
1309 2040 1434 2082 favens,

282 2087 398 2119 Natum
427 2097 518 2128 roges
935 2088 1084 2120 Bravium
1111 2093 1188 2121 tunc

330 2136 370 2168 ab
398 2136 510 2168 hoedis
536 2141 751 2176 sequestrare,
980 2137 1013 2168 in
1039 2137 1138 2169 caelis
1165 2138 1324 2170 habitare.

541 2195 595 2227 13.
620 2193 738 2232 Mater,
767 2193 848 2224 assis
871 2194 934 2225 tuis

625 2242 677 2274 hic
702 2241 895 2273 instantibus
922 2242 964 2274 ad
992 2243 1139 2274 salutem.

236 2299 319 2326 miss,
342 2309 394 2326 ηις.
416 2299 626 2335 Alrispacense
648 2307 724 2326 saec.
749 2297 792 2325 15.
834 2298 909 2326 Clm.
931 2299 1087 2326 Monacen.
1110 2297 1195 2327 2873.
1214 2315 1250 2318 —
1271 2300 1323 2334 4a,
1346 2300 1364 2329 2
1384 2304 1495 2332 aalma:

163 2338 181 2364 l.
204 2338 342 2374 agalma?
365 2355 399 2358 —
423 2336 475 2370 8a,
497 2337 515 2365 2
536 2339 636 2366 curiae
658 2341 761 2365 rector.
788 2353 817 2355 ᾖ
844 2335 911 2369 loa,
934 2334 952 2364 3
974 2346 1016 2374 sq.
1038 2347 1075 2364 ne
1097 2348 1294 2374 perpenamur
1315 2341 1482 2370 absentiam
1492 2335 1501 2373 Ὶς

163 2386 215 2404 zur
242 2377 403 2413 Trennung
430 2377 481 2404 der
509 2378 716 2412 Praeposition
744 2377 802 2411 vgl.
835 2375 901 2407 lla,
923 2375 941 2403 4
968 2376 1003 2404 de
1032 2377 1140 2404 ebriati
1167 2379 1309 2406 fontibus.
1330 2395 1367 2399 —
1392 2380 1461 2415 lla,
1483 2383 1502 2410 4

162 2416 318 2443 frontibus.
335 2431 363 2434 -
390 2415 458 2447 12b,
474 2415 493 2443 4
515 2425 556 2452 sq.
579 2417 670 2443 donat
692 2417 755 2452 ipse
777 2416 880 2443 favens
902 2425 933 2443 se
955 2416 1166 2452 sequentibus;
1192 2417 1243 2444 der
1258 2418 1343 2445 Reim
1366 2421 1504 2458 verlangt

161 2455 209 2482 die
230 2454 427 2491 Unistellung.
