1654 2756
731 148 988 183 —240—

199 252 260 283 2a.
290 251 443 283 Oratores
469 251 610 287 superat,
898 245 962 278 2b.
992 245 1103 277 Manet
1130 246 1162 275 et
1185 241 1244 274 sub
1271 240 1407 273 verbere

298 299 402 331 Docet
429 300 459 327 et
485 295 645 327 illuminat
997 293 1095 324 Plena
1119 291 1182 324 Dei
1208 298 1352 328 munere,

348 346 523 384 Tamquam
550 343 664 383 stella3
1044 340 1179 381 Semper
1205 339 1304 371 clara.

199 455 262 487 3a.
293 452 421 485 Profert
447 450 536 481 sidus
564 449 701 488 radium,
899 449 962 483 3b.
993 449 1104 489 Neque
1131 446 1220 479 sidus
1248 444 1352 483 radio,

302 499 481 533 Kathurina
507 498 649 538 gladium
995 497 1107 536 Neque
1133 498 1259 535 martyr
1282 491 1391 533 gladio

346 547 421 581 Pari
448 546 562 585 forma,
1042 544 1096 576 Fit
1123 546 1286 582 corrupta.

198 657 258 687 411.
288 655 385 693 Ecce,
412 653 474 683 iarn
502 651 664 691 purissimi
897 650 960 684 4b.
991 650 1071 683 Cum
1101 650 1200 681 virtus
1226 646 1377 679 altissimi

293 703 432 741 Fragrat
459 701 540 732 odor
567 699 702 731 balsami
993 698 1184 730 Famulatur
1210 695 1326 736 virgini

343 749 434 782 Valle
460 752 580 786 nostra,
1042 746 1146 778 Carne
1172 748 1311 784 sumpta.

198 859 258 888 5a.
294 857 417 895 Agnus,
445 863 580 894 sponsus
608 853 776 893 virginum,
897 853 959 886 5b.
991 852 1147 884 Nesciens
1172 850 1364 891 prophetico

295 904 437 943 Sponsae
463 901 577 941 pandit
603 901 778 941 gremium3
992 900 1055 932 Ore
1081 900 1132 931 vel
1160 898 1321 931 dominico

293 951 456 982 Turbatur
482 949 648 989 gentilium
991 948 1151 987 Tempore
1177 947 1228 978 vel
1253 946 1382 978 modico

341 997 450 1030 Turba
477 1007 582 1037 caeca,
1040 996 1129 1028 Haec
1155 995 1336 1035 praedicta.

196 1106 255 1138 63.
289 1105 385 1137 Cuius
413 1102 474 1134 fert
502 1103 605 1134 oleum
895 1103 957 1136 6b.
989 1103 1095 1143 Nunc,
1123 1102 1225 1143 virgo,
1251 1109 1404 1141 propera,

293 1153 444 1184 Sanctum
470 1151 678 1191 mausoleum,
990 1150 1092 1183 Nobis
1117 1149 1312 1182 confoedera

343 1200 404 1231 Per
429 1199 514 1239 quod
542 1203 676 1231 sanatur
1039 1199 1142 1240 Hune,
1172 1207 1265 1238 quem
1292 1197 1403 1238 genuit

387 1256 464 1288 gens
491 1256 617 1280 misera.
1085 1256 1256 1287 puerpera.

270 1334 359 1361 Grad.
389 1342 441 1360 ins.
472 1333 668 1360 Cisterciense
695 1334 729 1363 (22)
755 1341 830 1359 saec.
862 1331 905 1359 15.
936 1332 1006 1360 Cod.
1038 1332 1249 1360 Carolsruhan.
1272 1333 1309 1360 U.
1332 1333 1370 1359 Η.
1396 1331 1420 1359 l.
1442 1332 1476 1359 A.
1502 1347 1536 1351 —

192 1373 276 1398 Miss.
300 1381 352 1398 mS.
375 1371 616 1398 Prae-dicatorum
646 1379 721 1397 saec.
754 1369 797 1397 15.
827 1371 896 1397 Cod.
927 1371 1138 1398 Carolsruhan.
1160 1372 1214 1398 Pm
1242 1370 1288 1398 45.
1312 1372 1344 1398 B.
1366 1387 1403 1390 —
1433 1369 1494 1404 3a,
1521 1370 1534 1398 1

193 1410 308 1437 Perfert
337 1412 367 1436 15.
400 1424 435 1428 —
467 1408 526 1442 42,
559 1408 571 1435 l
602 1410 777 1444 purrissima
804 1410 837 1436 B.
867 1424 903 1427 —
933 1408 992 1443 4a,
1030 1408 1048 1436 2
1076 1410 1197 1446 Flagrat
1227 1411 1287 1437 AB.
1321 1424 1355 1428 —
1387 1410 1534 1438 Melodie:

192 1449 469 1475 LaetabunduS.

574 1571 642 1601 265.
684 1569 726 1601 De
749 1579 774 1602 s.
796 1571 982 1603 Katharina
1004 1571 1146 1603 Senensi.

191 1661 206 1692 1
224 1669 252 1693 a.
289 1658 392 1703 Pape,
422 1670 516 1700 papa,
545 1664 638 1700 pater
663 1665 802 1704 patrum,
890 1662 952 1695 lb.
984 1660 1022 1696 In
1049 1662 1270 1702 apostolorum
1298 1660 1391 1693 festis

292 1709 467 1740 Canonizat
494 1710 576 1740 votis
604 1709 741 1742 fratrum
986 1710 1091 1742 Huius
1117 1710 1191 1750 piae
1217 1709 1293 1742 Pius
1320 1711 1413 1742 testis

340 1757 422 1788 Vere
448 1765 606 1796 magnam,
1033 1757 1277 1798 Memorandus,

342 1804 433 1836 Sicut
459 1812 584 1843 agnam,
1034 1806 1249 1837 Venerandus

386 1851 600 1884 Katharinam
627 1852 795 1893 virginem,
1083 1853 1188 1893 Super
1206 1863 1332 1887 omnem
1353 1855 1525 1891 hominem.

190 1958 249 1991 2a.
282 1954 389 1998 Virgo
414 1961 526 1989 sancta
553 1957 746 2000 Katharina‚
889 1959 950 1991 2b.
984 1956 1164 1992 Salutando
1189 1961 1243 2001 pie
1268 1963 1356 2003 piam

284 2005 369 2037 Nata
396 2005 499 2045 Senis,
523 2005 565 2037 ad
593 2005 703 2038 divina
986 2008 1086 2048 Virgo
1111 2008 1269 2048 virginem
1296 2011 1437 2044 Mariam

332 2054 401 2086 Deo
429 2054 526 2094 digna
1032 2056 1123 2088 Haec
1150 2057 1258 2090 divina

332 2103 375 2134 Et
404 2101 543 2142 benigna
1034 2104 1218 2138 Katharina

382 2150 555 2182 Sublimari
582 2150 709 2183 meruit..
1083 2151 1233 2186 Gratiose
1259 2154 1380 2189 floruit.

186 2254 249 2288 3a.
281 2251 364 2288 Eam
390 2256 480 2287 Iesus
507 2255 686 2298 adoptavit,
888 2257 950 2290 3b.
983 2255 1015 2292 A
1041 2259 1208 2299 primaeva
1232 2261 1399 2296 iuventute

283 2302 347 2334 Pro
375 2303 512 2335 diversis
537 2303 724 2337 informavit
983 2307 1065 2340 Vias
1091 2308 1151 2340 ivit
1176 2310 1248 2342 viae
1274 2314 1365 2344 tutae

332 2351 533 2392 Apparendo
1031 2356 1077 2389 Ut
1102 2356 1222 2397 Maria,

329 2399 582 2440 Resplendendo
1032 2404 1135 2445 Virgo
1162 2406 1228 2446 pia,

380 2447 583 2480 Admiranda
608 2448 724 2489 gratia.
1081 2453 1240 2487 castitate
1266 2459 1408 2498 praevia.
