1654 2756
183 263 245 295 4a.

182 584 243 616 5a.

181 857 242 890 6a.

184 1031 244 1063 7a.

180 1205 241 1237 8a.

180 1380 242 1412 9a.

180 1588 232 1624 3b,

183 1752 241 1784 la.

180 1930 243 1962 2a.

180 2105 240 2138 3a.

721 185 766 190 —
817 163 886 198 207
940 182 985 187 —-

279 262 364 295 Fani

281 308 418 343 Profani

330 357 415 390 Dum
442 357 563 389 cultum
592 357 742 399 devovet,

278 407 407 439 Mentes

279 455 456 488 Dementes

329 505 451 537 Contra
477 512 512 535 se
539 507 730 543 commovet,

276 582 361 614 Dum
389 581 544 615 diabolici

278 631 373 664 Mens
401 630 480 663 furit
506 630 630 670 rustici,

281 680 382 720 Lapis
408 688 472 712 non
499 680 605 719 potuit

328 739 348 761 a
373 737 470 760 manu
496 728 599 768 proici

376 777 446 809 Nec
471 777 613 811 laxatur.

278 855 353 887 Post
378 854 544 887 Firminus
572 853 797 887 transfretavit

278 904 322 935 Et
347 903 477 944 puellae
503 903 658 935 libe-ravit

330 953 458 993 Corpus
484 961 504 984 a
531 952 723 994 daemonio;

276 1030 362 1062 Fera
389 1030 493 1061 nescit
519 1028 694 1069 feritatem,

280 1079 391 1110 Sancti
417 1078 516 1110 sentit
543 1077 750 1110 sanctitatem

330 1127 465 1159 Sacrum
492 1135 608 1157 verens
636 1126 790 1158 cinerem.

276 1204 463 1236 Intercedat
489 1212 566 1243 ergo
591 1203 694 1235 bonus

279 1253 396 1284 Pastor
421 1255 533 1284 noster
560 1255 592 1282 et
619 1256 777 1292 patronus

327 1301 390 1333 Pro
417 1299 509 1332 nobis
536 1299 579 1332 ad
606 1300 792 1333 Dominum.

275 1380 353 1417 Fac,
382 1384 417 1410 ut
443 1377 537 1409 nobis
564 1378 807 1411 condescendat

278 1427 399 1459 Christi
426 1430 541 1466 mater,
569 1430 601 1458 et
628 1426 785 1460 defendat

326 1475 414 1507 Deus
441 1475 660 1515 exercituum3

891 260 955 296 4b.

893 583 954 617 5b.

891 856 954 890 6b.

893 1031 956 1064 7b.

889 1205 952 1240 8b.

889 1380 953 1414 9b.

987 261 1086 294 Genti

988 310 1125 343 Furenti

1037 360 1102 392 Dat
1129 359 1214 391 vitae
1241 360 1390 400 poculum

988 408 1136 450 Gratum,

989 458 1154 498 Ingratum

1037 506 1124 538 Gens
1152 504 1221 537 fera
1249 505 1409 538 baculum.

986 584 1099 616 Visum
1125 584 1316 615 miraculum

992 633 1157 665 Perterret
1185 632 1352 672 populum,

987 681 1032 713 Et
1057 680 1145 721 genti
1171 680 1317 720 perfidae

1038 728 1117 761 fidei
1145 729 1294 768 poculum

1084 777 1302 810 Ministratur.

987 856 1123 888 Factum
1151 855 1212 887 viri
1238 859 1304 887 tam
1329 855 1534 895 praeclarum

989 905 1121 937 Cunctis
1149 904 1231 935 miro
1259 905 1481 935 columnarum

1041 955 1131 985 Patet
1160 953 1355 984 testimonio.

990 1032 1116 1071 Corpus
1142 1033 1249 1061 terrae
1276 1030 1535 1068 commendatur,

990 1080 1053 1112 Sed
1082 1078 1217 1119 spiritus
1244 1078 1392 1109 elevatur

1038 1127 1201 1159 Summum
1236 1135 1336 1166 super
1361 1126 1536 1157 aetherem.

984 1206 1043 1245 Qui
1067 1213 1209 1244 superna
1236 1214 1352 1244 regnas
1380 1213 1465 1247 arce,

988 1255 1088 1286 Prece
1115 1260 1169 1283 tua
1196 1252 1288 1283 nobis
1314 1262 1391 1284 arce

1037 1302 1265 1342 Suggestorem
1294 1301 1479 1332 criminum.

986 1380 1172 1413 Habeamus
1201 1383 1231 1410 te
1258 1382 1433 1418 pastorem,

987 1429 1170 1461 Sentiamus
1198 1427 1380 1459 adiutorem

1038 1477 1130 1509 Nunc
1157 1479 1186 1507 et
1214 1477 1247 1507 in
1274 1480 1468 1516 perpetuum

258 1552 342 1580 Miss.
368 1552 532 1581 Uceciense
554 1554 623 1588 imp.
650 1554 788 1590 Lugduni
809 1554 890 1587 (Joh.
906 1555 1088 1588 Numeister)
1112 1551 1194 1581 1495.
1218 1567 1253 1570 —
1280 1550 1334 1583 lb,
1361 1551 1373 1579 l
1395 1553 1476 1580 Aret.
1499 1566 1534 1569 —

255 1589 273 1618 2
295 1592 370 1619 Pedi
392 1590 506 1627 pedem.
533 1606 566 1608 —
588 1591 639 1624 4a,
662 1591 679 1620 5
703 1593 879 1621 clementes.

623 1682 694 1713 224.
726 1684 770 1715 De
791 1684 902 1715 sancto
925 1682 1101 1714 Francis-co.

280 1752 505 1785 Patn'archam
534 1756 739 1794 paupertatis

326 1801 540 1834 Franciscum
567 1802 681 1836 laudet

375 1850 525 1887 ecclesia,

276 1929 439 1961 Universo

329 1977 448 2010 Mobili
474 1978 537 2010 iam
566 1979 698 2012 deterso

382 2028 564 2067 Paupertas
591 2028 739 2070 eligitur-3

274 2104 386 2137 Novus
413 2104 476 2137 tiro

277 2153 379 2187 Modo
405 2153 488 2186 miro

326 2203 509 2245 Fervcscit‚

278 2252 364 2285 Dum
391 2253 540 2294 peccatis

277 2301 481 2335 Condonatis

327 2351 489 2384 Clarescit

278 2400 401 2433 Praeco
426 2400 522 2442 regis,

278 2449 411 2482 zelator
437 2449 518 2491 legis

333 2497 480 2539 Gratiae,
508 2498 566 2532 lux
592 2500 725 2534 saeculi.

892 1755 955 1790 1b.

989 1756 1025 1788 In
1054 1766 1115 1796 quo
1143 1764 1288 1786 summae
1315 1754 1472 1786 trinitatis

1039 1806 1137 1837 Clara
1165 1808 1355 1837 corruscant

1085 1853 1233 1892 insignia.

889 1932 950 1966 2b.
982 1932 1037 1965 Sic
1063 1933 1094 1964 in
1124 1932 1190 1963 vita

891 2108 953 2143 3b.

1036 1981 1162 2022 Fragiii
1190 1980 1368 2020 margarita

1087 2029 1245 2064 Caelestis
1272 2028 1495 2060 absconditur.

986 2109 1121 2149 Triplex
1149 2107 1304 2147 templum

990 2159 1028 2190 In
1056 2156 1238 2196 exemplum

1040 2207 1197 2246 Reparat,

993 2255 1062 2294 Quo
1089 2255 1219 2286 beatum

993 2305 1097 2337 Tuum
1126 2306 1246 2334 statum

1043 2352 1200 2385 Declarat

993 2401 1151 2434 Ordinum
1178 2404 1282 2442 pater,

992 2450 1157 2483 Minorum
1185 2447 1298 2492 frater,

1041 2500 1110 2540 Quo
1137 2497 1320 2532 formantur
1344 2499 1473 2541 singuli.
