1654 2756
205 242 265 276 7a.
291 241 393 281 Quam
421 240 518 274 beata
543 245 593 273 est
620 242 741 284 regina,
911 243 968 276 7b.
999 245 1045 276 Te
1071 244 1236 276 collaudat
1264 243 1434 276 beatorum

292 298 332 321 ex
359 298 424 329 qua
450 289 574 330 prodiit
997 294 1125 334 chorus,
1153 290 1323 335 (iucunda)
1350 292 1480 332 agmina

290 337 401 379 proles
429 338 540 370 deica!
996 346 1174 382 martyrum
1201 344 1234 373 et
1255 349 1329 373 con-

289 385 316 418 Ο
344 387 443 425 celsa,
472 397 491 419 o
519 387 617 429 digna
997 389 1157 422 fessorum
1185 390 1302 422 devota

293 436 441 475 genetrix
469 435 603 476 Christi,
994 447 1117 479 nosque
1143 442 1316 478 precantes

292 483 384 524 virgo
410 484 527 517 Maria.
996 487 1166 519 laudamus
1192 497 1266 520 una.

200 572 262 605 8a.
288 571 432 613 Exaudi,
459 573 556 604 stella
581 574 692 613 maris,
906 572 966 606 8b.
995 572 1102 605 Hodie
1128 574 1316 612 precamina

290 625 396 652 mater
418 621 491 662 Dei,
515 631 644 652 oramus
995 622 1130 661 ipsaque
1158 625 1211 652 tuo
1239 625 1313 653 nato

289 673 331 710 te,
358 672 470 701 nostra
992 673 1176 709 praesenta.

197 757 257 790 92.
285 755 311 789 Ο
340 755 423 787 bone
450 765 506 788 rex
852 748 868 767 ⁸
908 756 969 789 eb.
1002 758 1116 789 Preces
1145 762 1273 789 nostras

286 807 319 836 et
345 803 498 844 gloriose,
993 806 1046 846 pie
1071 806 1217 847 suscipe;

173 891 217 924 10
229 901 256 926 a.
287 891 410 924 Nostra
434 892 581 931 crimina,
882 893 964 927 lOb.
993 896 1022 925 A
1050 898 1208 934 perpetua

287 940 439 981 petimus,
469 941 574 980 dilue;
991 953 1049 974 nos
1075 946 1178 974 morte
1205 951 1291 981 erue,

174 1028 260 1061 lla.
289 1028 335 1062 Ut
360 1029 549 1068 praecelsae
576 1031 688 1060 matris
882 1030 965 1064 llb.
994 1032 1072 1062 Cum
1100 1031 1220 1062 sanctis
1248 1032 1406 1063 laetemur

283 1085 344 1117 per
370 1077 487 1108 merita
993 1080 1024 1110 in
1052 1079 1167 1119 gloria.

238 1154 321 1181 Miss.
337 1153 560 1180 Matisconense
584 1155 653 1190 imp.
670 1154 811 1190 Lugduni
830 1153 912 1183 1532.
935 1170 971 1173 —
993 1155 1047 1183 212.
1063 1154 1081 1183 2
1097 1164 1142 1190 sq.
1164 1156 1306 1182 muudum
1327 1155 1458 1183 advenit.
1474 1169 1510 1174 —-

163 1193 310 1220 Melodie:
334 1192 405 1227 jene
427 1192 478 1219 der
500 1191 635 1227 Sequenz
657 1193 795 1229 gleichen
818 1195 969 1229 Anfauges
989 1194 1088 1228 (Anal.
1111 1195 1183 1225 VH,
1212 1195 1262 1222 Nr.
1288 1192 1370 1227 112).
1413 1194 1472 1222 Str.
1495 1193 1511 1220 7

163 1232 224 1259 und
244 1230 261 1260 8
284 1231 453 1259 differieren
475 1232 560 1258 stark
582 1241 650 1259 vom
673 1232 800 1260 Schema
823 1233 875 1260 der
890 1232 1145 1269 Stammsequenz.

575 1326 622 1357 62.
661 1327 719 1364 „Di-
744 1326 965 1367 Compassione
988 1327 1095 1359 BMVf

174 1409 233 1441 1a.
263 1409 358 1440 quta
384 1417 512 1440 crucem
540 1408 670 1440 Domini
880 1407 934 1441 lb.
962 1408 1056 1440 Novo
1083 1408 1196 1439 mortis
1222 1417 1341 1449 genere

261 1458 495 1490 Commendata
522 1457 638 1496 virgini
963 1457 1084 1489 Mentis
1113 1466 1207 1488 caesa
1234 1457 1366 1488 vulnere

308 1505 408 1546 Virgo
436 1510 540 1537 mater
566 1506 722 1543 moritur3
1012 1506 1153 1538 Poenam
1181 1507 1293 1538 mortis
1321 1505 1455 1545 patitur,

171 1596 230 1628 2a.
259 1594 343 1626 Dum
373 1593 460 1625 videt
488 1594 520 1625 in
546 1594 683 1634 proprio
876 1593 936 1628 2b.
964 1594 1063 1634 Quem
1092 1602 1211 1625 corona
1237 1594 1361 1634 spinea,

257 1641 411 1682 Cruciflgi
438 1642 505 1674 filio
964 1642 1077 1683 Sputa,
1106 1642 1200 1685 elavi,
1229 1643 1343 1675 lancea

306 1691 421 1723 Carnis
448 1699 525 1723 suae
551 1692 730 1732 proprium,
1013 1693 1159 1731 Pungunt
1185 1692 1227 1724 ad
1254 1691 1441 1725 ludibrium.

167 1781 226 1814 3a.
255 1780 353 1812 Cuius
381 1781 490 1812 carnis
518 1780 609 1811 vario
872 1780 932 1814 3b.
961 1780 1066 1812 Tensa
1094 1780 1200 1820 rigent
1228 1781 1363 1817 viscera,

254 1829 388 1862 Cruoris
414 1828 575 1869 profluvio
958 1829 1062 1861 Fossa
1088 1827 1229 1860 fundunt
1256 1830 1359 1861 latera

301 1877 508 1918 Purpuratur
533 1877 654 1920 lilium3
1007 1878 1128 1910 Salutis
1160 1878 1349 1912 remedium.

162 1967 224 1999 4a.
251 1966 342 1998 Inter
370 1965 450 1997 haec
476 1974 648 2008 puerpera,
868 1966 930 1999 4b.
960 1968 1051 1999 Inter
1078 1966 1199 1998 Christi
1229 1968 1361 1999 vulnera

250 2015 337 2046 Hinc
364 2013 454 2056 felix,
482 2014 557 2046 hinc
585 2016 712 2057 misera,
958 2015 1002 2048 Et
1029 2016 1143 2048 salutis
1167 2025 1278 2056 opera⁷

298 2063 396 2102 Quasi
423 2067 536 2095 tenens
563 2064 704 2096 medium
1006 2065 1102 2097 Fletu
1130 2065 1241 2095 miscet
1270 2064 1433 2105 gaudium.

162 2154 224 2186 5a.
253 2152 307 2185 Sic
334 2151 465 2184 Christo
491 2152 722 2193 praemittitur,
871 2153 930 2186 51).
962 2153 1127 2185 Christum
1156 2161 1293 2193 sequens
1320 2152 1419 2193 igitur

252 2201 330 2234 Cum
358 2210 422 2241 quo
449 2200 651 2242 crucifigitur
957 2201 1118 2242 Regnanti
1152 2200 1358 2242 coniungitur

299 2249 403 2283 Cruce
429 2250 546 2283 mentis
573 2250 695 2283 intima.
1007 2251 1104 2282 Parte
1132 2248 1242 2282 fruens
1269 2250 1410 2291 optima;

563 2331 595 2363 6.
623 2330 678 2363 Ad
704 2339 799 2370 quam
825 2339 884 2362 nos
911 2338 1010 2369 prece
1036 2330 1090 2369 pia

622 2378 786 2412 Perducat
816 2379 906 2420 virgo
933 2378 1052 2411 Maria.

227 2456 310 2484 Orat.
333 2458 363 2482 et
383 2456 525 2492 Sequent.
549 2464 604 2483 ms.
627 2456 794 2492 Campense
816 2457 887 2483 anni
911 2453 995 2482 1462.
1037 2453 1108 2483 Cod.
1133 2455 1352 2483 Darmstadien.
1375 2455 1441 2485 521.
1465 2472 1501 2477 ν-

146 2492 194 2523 31>
225 2493 244 2523 2
265 2496 367 2523 Fessa.
389 2510 427 2514 —
449 2495 671 2523 Ausdriicklich
694 2494 871 2523 bezeichnet
891 2494 936 2522 als
961 2493 1099 2529 „Prosa“.
