1654 2756
728 168 994 205 —287—

186 269 248 302 4a.
286 266 333 300 Ut
357 272 526 307 praeesset
553 267 677 302 Christi
702 269 792 310 gregi

286 315 331 348 Et
355 320 503 348 moneret
530 316 630 349 verbo
655 316 719 349 Dei

334 364 500 398 Crucifixo
528 365 673 400 credere.

191 454 253 486 5a.
286 451 404 485 Coram
431 451 503 484 sisti
529 453 598 484 vult
625 461 665 484 ex
690 455 765 484 voto

291 501 516 540 Precaturque
540 500 638 533 corde
665 504 743 542 toto,

338 549 509 590 Quiriacus
536 553 668 580 strenue

193 637 254 670 6a.
287 635 380 676 Quod
408 636 484 668 dum
512 634 620 667 facere
645 634 776 675 refugit,

290 683 447 717 Carnifex
472 684 506 715 in
531 683 617 716 hune
642 687 719 715 tunc
744 682 835 726 furit,

341 732 517 764 Tormenta
543 732 705 764 accelerat

892 268 956 302 4b.
989 268 1080 308 Quod
1109 269 1182 300 dum
1212 267 1288 300 facit
1315 271 1351 300 nt
1376 267 1484 300 fidelis

989 317 1215 358 Dispensator,
1242 317 1278 348 iit
1304 316 1445 348 crudelis

1038 367 1208 407 Tyrannus
1235 375 1308 398 mox
1335 363 1471 398 fervide.

895 451 958 486 5b.
991 452 1035 485 Ut
1061 452 1158 484 idolis
1184 453 1365 485 immolaret

991 501 1098 541 Atque
1126 500 1225 533 falsos
1250 501 1421 533 honoraret

1040 550 1126 581 Deos
1151 559 1225 582 suos
1253 549 1393 590 publice.

896 635 958 668 (3b.
993 635 1115 668 Dextra
1143 645 1254 668 manus
1282 639 1469 674 amputatur

995 684 1129 717 Plumbo
1158 684 1295 716 ferventi
1321 689 1453 725 potatur

269 837 359 866 Grad.
388 847 441 865 ms.
466 839 693 875 Crucigeroruni
728 837 951 866 Coloniensiurn
981 846 1056 865 saec.
1088 836 1131 865 15.
1155 837 1224 865 cod.
1249 839 1359 866 Sernin.
1381 836 1534 865 Colonien.

194 876 239 904 14.
277 891 310 895 —
346 877 490 904 Melodie:
535 877 664 905 Lauda
708 878 815 911 Sion3
859 879 948 904 somit
986 876 1084 905 fehlen
1125 877 1217 905 leider
1260 879 1290 904 in
1334 876 1385 903 der
1427 878 1478 903 Hs.

191 916 350 952 Strophen.

1518 874 1535 903 6

691 1010 751 1042 317.
792 1010 835 1041 De
858 1018 882 1041 s.
906 1009 1046 1046 Quirino.

223 1102 281 1135 la.
315 1102 473 1133 Laetetur
500 1101 596 1133 hodie

317 1149 418 1182 Plebs
446 1149 534 1181 clara
562 1149 700 1181 Nussiae

368 1197 484 1230 Colens
510 1198 680 1229 sollemnia

218 1286 282 1319 2a.
315 1284 379 1317 Hic
403 1285 453 1316 vir
479 1283 643 1322 notabilis,

316 1334 481 1366 Romanus
508 1332 639 1370 nobilis,

365 1381 528 1413 Tribunus
554 1380 703 1422 militum,

223 1470 284 1502 3a.
316 1467 491 1501 Truncatis
518 1467 677 1509 manibus,

321 1516 486 1550 Abscissis
512 1515 652 1556 pedibus

370 1565 431 1598 Est
456 1566 490 1597 in
517 1565 629 1597 eculeo

221 1656 282 1687 4a.
316 1654 439 1686 Durum
468 1651 659 1693 martyrium

319 1701 542 1735 Membrorum
571 1701 712 1734 omnium

368 1750 478 1783 Fortis
506 1750 669 1784 sustinuit.

224 1842 285 1872 5a.
317 1840 360 1872 Et
386 1839 418 1871 in
446 1840 506 1871 hoc
532 1838 661 1870 saeculo

323 1887 365 1922 Ut
392 1888 439 1920 sol
465 1888 498 1920 in
525 1887 658 1928 speculo

369 1935 547 1976 Refnlgens
573 1935 691 1968 claruit

224 2027 283 2059 63.
317 2024 381 2058 Hic
407 2034 496 2057 suam
523 2024 653 2065 saepius

321 2075 352 2107 A
378 2074 483 2106 saevis
509 2073 658 2106 hostibus

371 2123 528 2156 Vexatam
555 2123 653 2162 impie

226 2212 285 2246 7a.
318 2212 468 2254 Laetare,
499 2211 628 2253 Nussia‚

321 2263 410 2302 Quae
438 2260 499 2293 Dei
524 2260 632 2302 gratia

371 2311 458 2343 Prae
483 2310 596 2343 multis
621 2310 745 2342 emines

225 2398 286 2433 Sa.
319 2399 345 2432 Ο
369 2403 490 2439 quanta
515 2398 620 2439 gloria

319 2448 360 2480 In
386 2448 467 2480 caeli
497 2448 587 2480 curia

371 2496 436 2529 Hic
461 2500 593 2529 sanctus
619 2495 747 2536 iubilant,

925 1102 940 1133 1
956 1100 986 1134 b.
1017 1100 1143 1140 Quirini
1168 1101 1332 1140 martyris⁷

1021 1148 1090 1180 Viri
1116 1148 1290 1180 laudabilis

1070 1197 1155 1229 Vere
1181 1206 1240 1237 per
1266 1196 1383 1228 omnia.

924 1283 988 1317 2b.
1023 1283 1063 1315 Se
1090 1283 1211 1316 Christi
1239 1288 1415 1325 martyrem

1020 1332 1062 1364 Et
1092 1340 1167 1363 vere
1194 1332 1327 1364 militem

1069 1381 1220 1414 Ostendit
1247 1381 1405 1413 inclitum.

925 1468 990 1502 3b.
1023 1468 1204 1508 Suspensus
1230 1469 1379 1508 nequiter

1021 1516 1065 1548 Et
1093 1516 1167 1547 hinc
1193 1516 1371 1548 crudeliter

1070 1565 1204 1598 Occisus
1230 1565 1350 1605 gladio.

926 1654 990 1687 4b.
1022 1653 1076 1685 Sic
1102 1653 1171 1684 sine
1198 1654 1335 1685 termino

1025 1702 1104 1734 Cum
1133 1701 1262 1734 Christo
1289 1702 1428 1735 Domino

1073 1751 1223 1791 Regnare
1249 1751 1375 1783 meruit.

927 1842 946 1873 5
963 1838 993 1873 b.
1023 1839 1139 1871 Multis
1166 1839 1331 1870 miraculis

1023 1888 1067 1920 Et
1090 1889 1214 1919 cunctis
1239 1887 1368 1928 populis

1073 1936 1213 1978 Magnus
1240 1936 1405 1977 apparuit.

928 2027 991 2059 6b.
1020 2025 1143 2059 Urbem
1170 2024 1300 2064 eripuit,

1025 2075 1127 2115 Opem
1153 2072 1299 2105 exhibuit

1076 2123 1159 2156 Suae
1187 2122 1362 2162 potentiae.

929 2212 991 2245 7b.
1024 2211 1068 2242 Et
1089 2210 1212 2250 magnis
1238 2210 1362 2241 meritis

1026 2259 1151 2298 Quirini
1176 2259 1329 2298 martyris

1075 2308 1204 2342 Invicta
1228 2317 1412 2348 permanes.

932 2398 995 2432 8b.
1024 2397 1085 2437 Qui
1111 2399 1160 2428 tot
1185 2395 1351 2428 miraculis

1030 2446 1224 2479 Cunctorum
1252 2445 1354 2477 oculis

1079 2496 1117 2528 In
1145 2495 1241 2526 terris
1268 2495 1394 2527 rutilat!
