1654 2756
735 163 1000 199 —215—

217 256 282 288 22.
317 257 457 290 Causam
482 259 678 292 renitentiae

319 306 409 338 Parit
435 307 506 339 dies
533 307 629 340 hodie

368 353 542 388 Guillermi
568 357 744 400 pontificis,

220 451 283 484 3a.
314 452 432 484 Mundi
458 453 576 485 timens
602 454 700 494 invia,

321 500 482 534 Praedam
508 511 599 534 suam
626 503 659 535 iu
686 503 740 536 via

365 549 483 582 Mundi
509 551 622 583 nolens
648 552 775 594 sistere,

220 648 282 679 4a.
316 646 401 678 Dum
427 647 461 679 in
489 647 631 680 claustro
657 649 796 690 sistitur,

367 696 446 728 Mox
473 696 582 736 habet,
609 697 696 737 quod
716 699 833 739 diligit.

318 744 361 776 Et
388 745 517 776 clausus
545 746 745 786 exsequitur,

367 793 532 834 Quidquid
541 794 716 826 claustrum
725 796 836 836 exigit.

221 892 281 922 5a.
317 889 401 922 Fide
428 891 543 933 iustus,
571 901 629 932 spe
655 892 807 925 robustus

319 939 364 970 Et
390 940 517 980 integer
544 941 593 972 vir
621 944 772 973 venustus

369 987 484 1020 Carnis
511 989 696 1030 privilegio,

222 1134 242 1165 6
253 1142 283 1166 a.
315 1132 428 1164 Abbas
436 1133 553 1174 primo,
566 1135 695 1174 praesul
706 1135 838 1166 tandem

320 1181 427 1213 Vitam
455 1191 584 1222 semper
610 1186 641 1213 et
669 1183 805 1215 eandem

371 1229 463 1261 Viam
493 1231 578 1261 vitae
605 1232 719 1264 tenuit.

223 1327 282 1359 7a.
316 1326 385 1359 Sibi
415 1327 514 1359 durus
542 1331 574 1358 et
601 1332 760 1368 austerus,

319 1375 384 1407 Sed
411 1376 453 1407 ad
479 1385 572 1416 opem
600 1377 680 1408 nulli
708 1386 810 1420 serus,

371 1424 454 1456 Voto
482 1425 589 1456 carnis
616 1426 799 1458 contrarius

368 1473 424 1504 Sui
452 1477 522 1505 erat
548 1474 704 1507 incurius.

221 1571 283 1604 Sa.
312 1569 390 1601 Flos
423 1579 576 1611 germane
602 1570 835 1614 confessorum,

370 1619 428 1651 Vis
455 1623 583 1651 tuorum
610 1621 810 1661 meritorum,

318 1668 453 1700 Omnem
469 1677 621 1708 prensum
637 1670 835 1701 medicorum

370 1717 446 1748 Visa
473 1722 524 1749 est
550 1718 761 1757 praecellere.

219 1815 279 1847 9a.
315 1815 400 1846 Puer
426 1815 537 1855 lapsus
564 1815 597 1847 in
624 1815 780 1847 fluentum

318 1864 411 1896 Vitae
436 1864 541 1895 nescit
571 1865 802 1897 detrimentum

318 1912 362 1945 Et
388 1921 449 1955 per
475 1917 564 1945 tuum
591 1913 811 1946 interventum

367 1962 508 1995 Sanatur
535 1963 730 2003 squiuentia.

196 2055 239 2087 10
252 2063 282 2087 a.
314 2055 405 2088 Mors
431 2054 591 2087 festinans
617 2056 740 2096 absque
768 2055 837 2088 fere

318 2104 363 2136 Et
387 2105 522 2145 lupinae
546 2113 672 2137 morsus
700 2104 790 2138 ferae

314 2153 431 2185 Pueris
457 2163 522 2185 non
546 2152 682 2186 obfuere

364 2202 454 2243 Tuis,
481 2205 588 2244 pater,
615 2204 752 2235 meritis.

921 263 983 297 2b.

922 457 984 492 3b.

922 652 986 684 4b.

923 894 986 928 5b.

926 1135 985 1168 6b.

924 1329 986 1364 7b.

923 1573 986 1607 8b.

923 1819 987 1853 9b.

899 2059 985 2094 10b.

1017 263 1115 296 Cuius
1141 262 1227 295 vitae
1252 261 1408 293 sanctitas

1018 312 1148 345 Laudes
1174 310 1258 351 petit
1283 310 1414 342 meritas

1063 359 1189 393 Moduli
1217 358 1418 399 multiplicis.

1016 458 1070 490 Ad
1097 459 1272 490 claustrum
1299 456 1460 498 prosiluit,

1020 506 1102 546 Quia
1128 505 1256 536 clausus
1283 505 1384 537 voluit

1067 555 1172 587 Extra
1198 553 1353 584 mundum
1380 553 1499 584 vivere.

1019 651 1060 683 Se
1087 650 1205 682 nesciri
1232 650 1355 681 studuit

1069 700 1158 730 Inter
1185 698 1311 729 clausos
1338 698 1477 737 positum

1019 748 1084 780 Sed
1108 747 1216 779 claudi
1244 756 1306 778 non
1333 746 1440 786 potuit

1069 795 1165 828 Tanti
1192 795 1253 826 viri
1281 795 1441 828 meritum.

1017 895 1068 926 Ex
1118 902 1180 934 quo
1221 893 1396 924 claustrum
1440 889 1537 923 subin

1308 940 1417 977 travit,

1022 992 1160 1024 Carnem
1187 998 1277 1020 suam
1304 989 1395 1020 nulio
1422 988 1511 1028 pavit

1070 1038 1187 1073 Carnis
1215 1038 1382 1071 beneficio.

1018 1135 1131 1175 Neque
1159 1143 1274 1175 mores,
1303 1138 1338 1165 ut
1363 1139 1408 1164 est
1430 1133 1539 1172 moris,

1022 1184 1162 1223 Propter
1188 1182 1313 1222 apicem
1342 1182 1474 1212 lionoris

1069 1231 1220 1272 Mutavit,
1249 1240 1328 1270 quos
1356 1230 1480 1261 habuit.

1019 1329 1108 1369 Opus
1135 1336 1239 1369 omne,
1267 1327 1353 1367 quod
1381 1327 1508 1367 agebat,

1022 1378 1127 1409 Vento
1155 1374 1260 1408 famae
1285 1375 1507 1416 subtrahebat,

1068 1427 1099 1458 A
1127 1424 1235 1456 verbis
1263 1424 1503 1457 detrahentium

1069 1473 1253 1507 Retrahens
1286 1472 1372 1505 fores
1401 1473 1537 1510 aurium,

1019 1571 1163 1604 Dum-in
1192 1570 1312 1602 morbis
1341 1574 1508 1610 oporatur,

1067 1621 1187 1653 Sensus
1195 1624 1314 1660 stupet,
1324 1629 1376 1651 ars
1387 1620 1534 1656 miratur,

1022 1669 1189 1710 Epileptia
1217 1672 1349 1700 curatur

1070 1719 1112 1751 Et
1140 1717 1206 1749 noli
1232 1726 1282 1748 me
1309 1721 1452 1756 tangere.

1022 1817 1086 1849 Res
1113 1816 1263 1848 miranda
1291 1815 1456 1851 recitetur,

1019 1866 1102 1898 Dum
1131 1865 1284 1897 sacerdos
1311 1863 1494 1904 confitetur,

1019 1916 1238 1948 Promeretur.
1267 1917 1301 1945 ut
1328 1916 1461 1945 sanetur

1067 1965 1187 1997 Manus
1214 1961 1418 2003 impotentia.

1017 2058 1117 2099 Fugit
1144 2056 1256 2097 febris,
1285 2054 1376 2087 furor
1404 2055 1501 2096 cedit,

1020 2108 1049 2139 It
1077 2108 1273 2146 contractus,
1302 2104 1409 2135 lumen
1438 2103 1540 2142 redit,

1020 2156 1089 2188 Nec
1123 2152 1282 2186 infantem
1310 2153 1398 2184 virus
1424 2152 1539 2191 laedit,

1069 2204 1183 2236 Cessat
1210 2206 1332 2234 tremor
1360 2201 1486 2241 capitis.

630 2297 686 2331 11.
719 2297 826 2330 Tanta
852 2298 956 2338 patris
983 2297 1097 2329 merita

719 2346 842 2378 Nostra
868 2347 980 2379 laxent
1007 2345 1128 2379 debita.

271 2432 414 2469 Sequent.
449 2441 504 2460 ms.
536 2433 768 2460 Ravennatense
803 2434 874 2460 anni
911 2429 1073 2460 1585—87.
1107 2430 1178 2459 Cod.
1211 2430 1344 2458 Classen.
1376 2429 1434 2458 360
1464 2429 1544 2464 (132).

188 2471 215 2501 5.
237 2472 277 2507 S).
299 2487 338 2491 —
366 2470 426 2505 2³,
459 2470 473 2499 1
497 2471 646 2499 Clausam.
670 2485 706 2490 —
733 2469 794 2505 4b,
826 2471 838 2499 1
863 2472 902 2500 Se
929 2473 1043 2500 vestiri.
1068 2487 1102 2490 -
1131 2469 1191 2503 511,
1222 2470 1239 2498 2
1264 2470 1364 2498 nullus
1388 2472 1481 2507 pavit.
1505 2486 1541 2489 —-

187 2511 240 2546 7b,
261 2510 281 2538 4
301 2511 391 2538 foros.
413 2526 452 2529 —
472 2509 528 2544 Sa,
549 2510 568 2538 4
589 2511 691 2539 Visus.
713 2525 751 2530 —
775 2509 845 2544 lob,
868 2510 886 2539 2
906 2511 949 2539 Ιᾱ.
