<?xml version="1.0" encoding="UTF-8"?>
<!DOCTYPE html PUBLIC "-//W3C//DTD XHTML 1.0 Transitional//EN"
    "http://www.w3.org/TR/xhtml1/DTD/xhtml1-transitional.dtd">
<html xmlns="http://www.w3.org/1999/xhtml" xml:lang="en" lang="en">
 <head>
  <title>
</title>
<meta http-equiv="Content-Type" content="text/html;charset=utf-8" />
  <meta name='ocr-system' content='tesseract 3.04.00' />
  <meta name='ocr-capabilities' content='ocr_page ocr_carea ocr_par ocr_line ocrx_word'/>
</head>
<body>
  <div class='ocr_page' id='page_1' title='image "./analectahymnica42drevuoft_0113.png"; bbox 0 0 1654 2756; ppageno 0'>
   <div class='ocr_carea' id='block_1_1' title="bbox 183 227 242 259">
    <p class='ocr_par' dir='ltr' id='par_1_1' title="bbox 183 227 242 259">
     <span class='ocr_line' id='line_1_1' title="bbox 183 227 242 259; baseline 0 0"><span class='ocrx_word' id='word_1_1' title='bbox 183 227 242 259; x_wconf 73' lang='lat'>3³.</span> 
     </span>
    </p>
   </div>
   <div class='ocr_carea' id='block_1_2' title="bbox 187 648 246 680">
    <p class='ocr_par' dir='ltr' id='par_1_2' title="bbox 187 648 246 680">
     <span class='ocr_line' id='line_1_2' title="bbox 187 648 246 680; baseline 0 -1"><span class='ocrx_word' id='word_1_2' title='bbox 187 648 246 680; x_wconf 85' lang='lat' dir='ltr'>1a.</span> 
     </span>
    </p>
   </div>
   <div class='ocr_carea' id='block_1_3' title="bbox 187 885 246 917">
    <p class='ocr_par' dir='ltr' id='par_1_3' title="bbox 187 885 246 917">
     <span class='ocr_line' id='line_1_3' title="bbox 187 885 246 917; baseline 0.017 -2"><span class='ocrx_word' id='word_1_3' title='bbox 187 885 246 917; x_wconf 89' lang='lat' dir='ltr'>2a.</span> 
     </span>
    </p>
   </div>
   <div class='ocr_carea' id='block_1_4' title="bbox 187 1121 249 1152">
    <p class='ocr_par' dir='ltr' id='par_1_4' title="bbox 187 1121 249 1152">
     <span class='ocr_line' id='line_1_4' title="bbox 187 1121 249 1152; baseline -0.016 0"><span class='ocrx_word' id='word_1_4' title='bbox 187 1121 249 1152; x_wconf 75' lang='lat'>32.</span> 
     </span>
    </p>
   </div>
   <div class='ocr_carea' id='block_1_5' title="bbox 191 1357 251 1388">
    <p class='ocr_par' dir='ltr' id='par_1_5' title="bbox 191 1357 251 1388">
     <span class='ocr_line' id='line_1_5' title="bbox 191 1357 251 1388; baseline -0.033 0"><span class='ocrx_word' id='word_1_5' title='bbox 191 1357 251 1388; x_wconf 89' lang='lat' dir='ltr'>4a.</span> 
     </span>
    </p>
   </div>
   <div class='ocr_carea' id='block_1_6' title="bbox 191 1593 250 1623">
    <p class='ocr_par' dir='ltr' id='par_1_6' title="bbox 191 1593 250 1623">
     <span class='ocr_line' id='line_1_6' title="bbox 191 1593 250 1623; baseline 0 -1"><span class='ocrx_word' id='word_1_6' title='bbox 191 1593 250 1623; x_wconf 84' lang='lat' dir='ltr'>5a.</span> 
     </span>
    </p>
   </div>
   <div class='ocr_carea' id='block_1_7' title="bbox 190 1827 250 1858">
    <p class='ocr_par' dir='ltr' id='par_1_7' title="bbox 190 1827 250 1858">
     <span class='ocr_line' id='line_1_7' title="bbox 190 1827 250 1858; baseline 0 0"><span class='ocrx_word' id='word_1_7' title='bbox 190 1827 250 1858; x_wconf 79' lang='lat' dir='ltr'>Ga.</span> 
     </span>
    </p>
   </div>
   <div class='ocr_carea' id='block_1_8' title="bbox 193 2065 253 2096">
    <p class='ocr_par' dir='ltr' id='par_1_8' title="bbox 193 2065 253 2096">
     <span class='ocr_line' id='line_1_8' title="bbox 193 2065 253 2096; baseline 0 0"><span class='ocrx_word' id='word_1_8' title='bbox 193 2065 253 2096; x_wconf 85' lang='lat' dir='ltr'>7a.</span> 
     </span>
    </p>
   </div>
   <div class='ocr_carea' id='block_1_9' title="bbox 189 2302 248 2334">
    <p class='ocr_par' dir='ltr' id='par_1_9' title="bbox 189 2302 248 2334">
     <span class='ocr_line' id='line_1_9' title="bbox 189 2302 248 2334; baseline 0 -1"><span class='ocrx_word' id='word_1_9' title='bbox 189 2302 248 2334; x_wconf 85' lang='lat' dir='ltr'>8a.</span> 
     </span>
    </p>
   </div>
   <div class='ocr_carea' id='block_1_10' title="bbox 702 127 966 164">
    <p class='ocr_par' dir='ltr' id='par_1_10' title="bbox 702 127 966 164">
     <span class='ocr_line' id='line_1_10' title="bbox 702 127 966 164; baseline 0.004 -1"><span class='ocrx_word' id='word_1_10' title='bbox 702 127 966 164; x_wconf 91' lang='lat'>—110-</span> 
     </span>
    </p>
   </div>
   <div class='ocr_carea' id='block_1_11' title="bbox 270 226 771 363">
    <p class='ocr_par' dir='ltr' id='par_1_11' title="bbox 270 226 771 363">
     <span class='ocr_line' id='line_1_11' title="bbox 270 226 737 267; baseline -0.002 -9"><span class='ocrx_word' id='word_1_11' title='bbox 270 226 347 258; x_wconf 82' lang='lat' dir='ltr'>Nati</span> <span class='ocrx_word' id='word_1_12' title='bbox 373 228 460 259; x_wconf 85' lang='lat' dir='ltr'>mitis</span> <span class='ocrx_word' id='word_1_13' title='bbox 487 236 610 258; x_wconf 87' lang='lat' dir='ltr'>summa</span> <span class='ocrx_word' id='word_1_14' title='bbox 636 227 737 267; x_wconf 79' lang='lat' dir='ltr'>glosa,</span> 
     </span>
     <span class='ocr_line' id='line_1_12' title="bbox 271 275 771 316; baseline 0 -10"><span class='ocrx_word' id='word_1_15' title='bbox 271 275 370 314; x_wconf 83' lang='lat' dir='ltr'>Virga</span> <span class='ocrx_word' id='word_1_16' title='bbox 394 275 492 316; x_wconf 81' lang='lat' dir='ltr'>Iesse,</span> <span class='ocrx_word' id='word_1_17' title='bbox 520 276 670 315; x_wconf 84' lang='lat' dir='ltr'><strong>fragrans</strong></span> <span class='ocrx_word' id='word_1_18' title='bbox 696 283 771 306; x_wconf 79' lang='lat' dir='ltr'>rosa</span> 
     </span>
     <span class='ocr_line' id='line_1_13' title="bbox 320 322 694 363; baseline 0 -9"><span class='ocrx_word' id='word_1_19' title='bbox 320 323 503 355; x_wconf 84' lang='lat' dir='ltr'>Pneumatis</span> <span class='ocrx_word' id='word_1_20' title='bbox 529 332 588 363; x_wconf 89' lang='lat' dir='ltr'>per</span> <span class='ocrx_word' id='word_1_21' title='bbox 614 322 694 354; x_wconf 89' lang='lat' dir='ltr'>lilia.</span> 
     </span>
    </p>
   </div>
   <div class='ocr_carea' id='block_1_12' title="bbox 879 225 940 260">
    <p class='ocr_par' dir='ltr' id='par_1_12' title="bbox 879 225 940 260">
     <span class='ocr_line' id='line_1_14' title="bbox 879 225 940 260; baseline -0.066 0"><span class='ocrx_word' id='word_1_22' title='bbox 879 225 940 260; x_wconf 86' lang='lat' dir='ltr'>3b.</span> 
     </span>
    </p>
   </div>
   <div class='ocr_carea' id='block_1_13' title="bbox 967 226 1406 364">
    <p class='ocr_par' dir='ltr' id='par_1_13' title="bbox 967 226 1406 364">
     <span class='ocr_line' id='line_1_15' title="bbox 967 226 1380 268; baseline 0.002 -10"><span class='ocrx_word' id='word_1_23' title='bbox 967 226 1085 267; x_wconf 83' lang='lat' dir='ltr'>Quare,</span> <span class='ocrx_word' id='word_1_24' title='bbox 1112 226 1188 259; x_wconf 84' lang='lat' dir='ltr'>vitis</span> <span class='ocrx_word' id='word_1_25' title='bbox 1213 235 1380 268; x_wconf 82' lang='lat' dir='ltr'>generosa,</span> 
     </span>
     <span class='ocr_line' id='line_1_16' title="bbox 967 274 1406 319; baseline 0.002 -13"><span class='ocrx_word' id='word_1_26' title='bbox 967 274 1014 306; x_wconf 90' lang='lat' dir='ltr'>Te</span> <span class='ocrx_word' id='word_1_27' title='bbox 1038 283 1220 319; x_wconf 81' lang='lat' dir='ltr'>precamur,</span> <span class='ocrx_word' id='word_1_28' title='bbox 1248 276 1406 317; x_wconf 83' lang='lat' dir='ltr'>speciosa,</span> 
     </span>
     <span class='ocr_line' id='line_1_17' title="bbox 1015 322 1370 364; baseline 0.006 -9"><span class='ocrx_word' id='word_1_29' title='bbox 1015 322 1118 355; x_wconf 87' lang='lat' dir='ltr'>Nobis</span> <span class='ocrx_word' id='word_1_30' title='bbox 1144 324 1238 364; x_wconf 82' lang='lat' dir='ltr'>assis,</span> <span class='ocrx_word' id='word_1_31' title='bbox 1265 324 1370 358; x_wconf 84' lang='lat' dir='ltr'>venia.</span> 
     </span>
    </p>
   </div>
   <div class='ocr_carea' id='block_1_14' title="bbox 179 405 1509 484">
    <p class='ocr_par' dir='ltr' id='par_1_14' title="bbox 179 405 1509 484">
     <span class='ocr_line' id='line_1_18' title="bbox 251 405 1509 442; baseline -0.001 -6"><span class='ocrx_word' id='word_1_32' title='bbox 251 409 339 436; x_wconf 89' lang='lat' dir='ltr'>Grad.</span> <span class='ocrx_word' id='word_1_33' title='bbox 363 418 415 436; x_wconf 70' lang='grc' dir='ltr'>τηε.</span> <span class='ocrx_word' id='word_1_34' title='bbox 437 409 677 442; x_wconf 62' lang='lat' dir='ltr'>cisterciensem</span> <span class='ocrx_word' id='word_1_35' title='bbox 697 417 774 437; x_wconf 79' lang='lat' dir='ltr'>saec.</span> <span class='ocrx_word' id='word_1_36' title='bbox 798 406 842 436; x_wconf 89' lang='lat'>15.</span> <span class='ocrx_word' id='word_1_37' title='bbox 885 408 956 437; x_wconf 86' lang='lat' dir='ltr'>Cod.</span> <span class='ocrx_word' id='word_1_38' title='bbox 994 409 1206 437; x_wconf 79' lang='lat' dir='ltr'>Carolsruhan.</span> <span class='ocrx_word' id='word_1_39' title='bbox 1227 411 1286 439; x_wconf 88' lang='lat' dir='ltr'>UH</span> <span class='ocrx_word' id='word_1_40' title='bbox 1311 408 1336 437; x_wconf 89' lang='lat'>1.</span> <span class='ocrx_word' id='word_1_41' title='bbox 1357 423 1394 428; x_wconf 91' lang='lat'>—-</span> <span class='ocrx_word' id='word_1_42' title='bbox 1415 405 1470 441; x_wconf 87' lang='lat' dir='ltr'>2b,</span> <span class='ocrx_word' id='word_1_43' title='bbox 1495 406 1509 435; x_wconf 93' lang='lat'>1</span> 
     </span>
     <span class='ocr_line' id='line_1_19' title="bbox 179 446 735 484; baseline 0 -10"><span class='ocrx_word' id='word_1_44' title='bbox 179 456 283 483; x_wconf 80' lang='lat' dir='ltr'>aegros</span> <span class='ocrx_word' id='word_1_45' title='bbox 305 455 402 474; x_wconf 82' lang='lat' dir='ltr'>sanas.</span> <span class='ocrx_word' id='word_1_46' title='bbox 423 464 461 468; x_wconf 96' lang='lat'><strong>—</strong></span> <span class='ocrx_word' id='word_1_47' title='bbox 483 446 536 481; x_wconf 89' lang='lat' dir='ltr'>3a,</span> <span class='ocrx_word' id='word_1_48' title='bbox 558 446 576 475; x_wconf 84' lang='lat'><strong>2</strong></span> <span class='ocrx_word' id='word_1_49' title='bbox 597 448 735 484; x_wconf 82' lang='lat' dir='ltr'>flagrans.</span> 
     </span>
    </p>
   </div>
   <div class='ocr_carea' id='block_1_15' title="bbox 627 556 1054 588">
    <p class='ocr_par' dir='ltr' id='par_1_15' title="bbox 627 556 1054 588">
     <span class='ocr_line' id='line_1_20' title="bbox 627 556 1054 588; baseline 0.002 -1"><span class='ocrx_word' id='word_1_50' title='bbox 627 557 681 587; x_wconf 84' lang='grc'>110.</span> <span class='ocrx_word' id='word_1_51' title='bbox 714 557 756 588; x_wconf 84' lang='lat' dir='ltr'>De</span> <span class='ocrx_word' id='word_1_52' title='bbox 777 556 877 588; x_wconf 76' lang='lat' dir='ltr'>Beata</span> <span class='ocrx_word' id='word_1_53' title='bbox 898 556 998 588; x_wconf 74' lang='lat' dir='ltr'>Maria</span> <span class='ocrx_word' id='word_1_54' title='bbox 1021 557 1054 588; x_wconf 90' lang='lat' dir='ltr'>V.</span> 
     </span>
    </p>
   </div>
   <div class='ocr_carea' id='block_1_16' title="bbox 271 647 738 831">
    <p class='ocr_par' dir='ltr' id='par_1_16' title="bbox 276 647 738 687">
     <span class='ocr_line' id='line_1_21' title="bbox 276 647 738 687; baseline 0.004 -9"><span class='ocrx_word' id='word_1_55' title='bbox 276 647 491 686; x_wconf 71' lang='lat' dir='ltr'>Gaudeamus,</span> <span class='ocrx_word' id='word_1_56' title='bbox 520 647 639 680; x_wconf 84' lang='lat' dir='ltr'>fratres</span> <span class='ocrx_word' id='word_1_57' title='bbox 665 649 738 687; x_wconf 82' lang='lat' dir='ltr'>mei,</span> 
     </span>
    </p>

    <p class='ocr_par' dir='ltr' id='par_1_17' title="bbox 271 695 723 728">
     <span class='ocr_line' id='line_1_22' title="bbox 271 695 723 728; baseline 0.004 -2"><span class='ocrx_word' id='word_1_58' title='bbox 271 695 319 727; x_wconf 94' lang='lat' dir='ltr'>Ob</span> <span class='ocrx_word' id='word_1_59' title='bbox 348 696 497 728; x_wconf 86' lang='lat' dir='ltr'>honorem</span> <span class='ocrx_word' id='word_1_60' title='bbox 526 697 638 728; x_wconf 85' lang='lat' dir='ltr'>matris</span> <span class='ocrx_word' id='word_1_61' title='bbox 662 697 723 728; x_wconf 91' lang='lat' dir='ltr'>Dei</span> 
     </span>
    </p>

    <p class='ocr_par' dir='ltr' id='par_1_18' title="bbox 271 744 678 831">
     <span class='ocr_line' id='line_1_23' title="bbox 271 744 650 776; baseline 0.005 -2"><span class='ocrx_word' id='word_1_62' title='bbox 271 744 438 776; x_wconf 90' lang='lat' dir='ltr'>Celebrem</span> <span class='ocrx_word' id='word_1_63' title='bbox 466 745 557 776; x_wconf 90' lang='lat' dir='ltr'>huius</span> <span class='ocrx_word' id='word_1_64' title='bbox 585 745 650 776; x_wconf 90' lang='lat' dir='ltr'>diei</span> 
     </span>
     <span class='ocr_line' id='line_1_24' title="bbox 319 792 678 831; baseline 0.006 -8"><span class='ocrx_word' id='word_1_65' title='bbox 319 792 453 831; x_wconf 82' lang='lat' dir='ltr'>Agimus</span> <span class='ocrx_word' id='word_1_66' title='bbox 480 793 678 826; x_wconf 84' lang='lat' dir='ltr'><strong>memoriam.</strong></span> 
     </span>
    </p>
   </div>
   <div class='ocr_carea' id='block_1_17' title="bbox 271 883 767 1070">
    <p class='ocr_par' dir='ltr' id='par_1_19' title="bbox 275 883 735 916">
     <span class='ocr_line' id='line_1_25' title="bbox 275 883 735 916; baseline 0.004 -2"><span class='ocrx_word' id='word_1_67' title='bbox 275 883 400 914; x_wconf 91' lang='lat' dir='ltr'>Rubum</span> <span class='ocrx_word' id='word_1_68' title='bbox 429 885 517 915; x_wconf 88' lang='lat' dir='ltr'>videt</span> <span class='ocrx_word' id='word_1_69' title='bbox 543 884 735 916; x_wconf 78' lang='lat' dir='ltr'>inflammari</span> 
     </span>
    </p>

    <p class='ocr_par' dir='ltr' id='par_1_20' title="bbox 271 931 642 971">
     <span class='ocr_line' id='line_1_26' title="bbox 271 931 642 971; baseline 0.005 -9"><span class='ocrx_word' id='word_1_70' title='bbox 271 931 403 971; x_wconf 80' lang='lat' dir='ltr'>Moyses</span> <span class='ocrx_word' id='word_1_71' title='bbox 431 937 459 964; x_wconf 86' lang='lat' dir='ltr'>et</span> <span class='ocrx_word' id='word_1_72' title='bbox 488 933 642 964; x_wconf 82' lang='lat' dir='ltr'>admirari</span> 
     </span>
    </p>

    <p class='ocr_par' dir='ltr' id='par_1_21' title="bbox 272 980 767 1070">
     <span class='ocr_line' id='line_1_27' title="bbox 272 980 767 1020; baseline 0.006 -11"><span class='ocrx_word' id='word_1_73' title='bbox 272 980 380 1017; x_wconf 72' lang='lat' dir='ltr'>Vadit,</span> <span class='ocrx_word' id='word_1_74' title='bbox 409 990 464 1012; x_wconf 90' lang='lat' dir='ltr'>cur</span> <span class='ocrx_word' id='word_1_75' title='bbox 490 982 536 1012; x_wconf 87' lang='lat' dir='ltr'>sic</span> <span class='ocrx_word' id='word_1_76' title='bbox 562 981 767 1020; x_wconf 81' lang='lat' dir='ltr'>praeservari</span> 
     </span>
     <span class='ocr_line' id='line_1_28' title="bbox 322 1028 730 1070; baseline 0.005 -12"><span class='ocrx_word' id='word_1_77' title='bbox 322 1028 451 1060; x_wconf 72' lang='lat' dir='ltr'>Arde-ns</span> <span class='ocrx_word' id='word_1_78' title='bbox 478 1029 579 1068; x_wconf 85' lang='lat' dir='ltr'>possit</span> <span class='ocrx_word' id='word_1_79' title='bbox 607 1029 730 1070; x_wconf 77' lang='lat' dir='ltr'>lilium3</span> 
     </span>
    </p>
   </div>
   <div class='ocr_carea' id='block_1_18' title="bbox 274 1119 732 1304">
    <p class='ocr_par' dir='ltr' id='par_1_22' title="bbox 278 1119 729 1162">
     <span class='ocr_line' id='line_1_29' title="bbox 278 1119 729 1162; baseline 0.004 -13"><span class='ocrx_word' id='word_1_80' title='bbox 278 1119 399 1150; x_wconf 66' lang='lat' dir='ltr'>siccam</span> <span class='ocrx_word' id='word_1_81' title='bbox 430 1121 549 1160; x_wconf 77' lang='lat' dir='ltr'>virgam</span> <span class='ocrx_word' id='word_1_82' title='bbox 578 1120 729 1162; x_wconf 86' lang='lat' dir='ltr'>Aaronis,</span> 
     </span>
    </p>

    <p class='ocr_par' dir='ltr' id='par_1_23' title="bbox 275 1167 732 1200">
     <span class='ocr_line' id='line_1_30' title="bbox 275 1167 732 1200; baseline 0.002 -2"><span class='ocrx_word' id='word_1_83' title='bbox 275 1167 413 1199; x_wconf 79' lang='lat' dir='ltr'>Madens</span> <span class='ocrx_word' id='word_1_84' title='bbox 441 1169 542 1199; x_wconf 88' lang='lat' dir='ltr'>vellus</span> <span class='ocrx_word' id='word_1_85' title='bbox 569 1168 732 1200; x_wconf 88' lang='lat' dir='ltr'>Gedeonis</span> 
     </span>
    </p>

    <p class='ocr_par' dir='ltr' id='par_1_24' title="bbox 274 1215 732 1304">
     <span class='ocr_line' id='line_1_31' title="bbox 274 1215 642 1255; baseline 0 -8"><span class='ocrx_word' id='word_1_86' title='bbox 274 1215 390 1247; x_wconf 69' lang='lat' dir='ltr'>Castae</span> <span class='ocrx_word' id='word_1_87' title='bbox 417 1216 642 1255; x_wconf 80' lang='lat' dir='ltr'>parturitionis</span> 
     </span>
     <span class='ocr_line' id='line_1_32' title="bbox 326 1263 732 1304; baseline 0.002 -11"><span class='ocrx_word' id='word_1_88' title='bbox 326 1263 444 1295; x_wconf 80' lang='lat' dir='ltr'>Modus</span> <span class='ocrx_word' id='word_1_89' title='bbox 471 1265 574 1304; x_wconf 82' lang='lat' dir='ltr'>glosat</span> <span class='ocrx_word' id='word_1_90' title='bbox 601 1264 732 1303; x_wconf 85' lang='lat' dir='ltr'>optime,</span> 
     </span>
    </p>
   </div>
   <div class='ocr_carea' id='block_1_19' title="bbox 276 1355 791 1543">
    <p class='ocr_par' dir='ltr' id='par_1_25' title="bbox 280 1355 678 1393">
     <span class='ocr_line' id='line_1_33' title="bbox 280 1355 678 1393; baseline 0.003 -8"><span class='ocrx_word' id='word_1_91' title='bbox 280 1355 383 1386; x_wconf 83' lang='lat' dir='ltr'>Docet</span> <span class='ocrx_word' id='word_1_92' title='bbox 409 1356 553 1387; x_wconf 84' lang='lat' dir='ltr'>Danielis</span> <span class='ocrx_word' id='word_1_93' title='bbox 582 1356 678 1393; x_wconf 84' lang='lat' dir='ltr'>visus,</span> 
     </span>
    </p>

    <p class='ocr_par' dir='ltr' id='par_1_26' title="bbox 276 1403 791 1441">
     <span class='ocr_line' id='line_1_34' title="bbox 276 1403 791 1441; baseline 0.002 -8"><span class='ocrx_word' id='word_1_94' title='bbox 276 1403 353 1441; x_wconf 82' lang='lat' dir='ltr'>Quis</span> <span class='ocrx_word' id='word_1_95' title='bbox 381 1403 420 1435; x_wconf 92' lang='lat' dir='ltr'>de</span> <span class='ocrx_word' id='word_1_96' title='bbox 446 1408 553 1435; x_wconf 88' lang='lat' dir='ltr'>monte</span> <span class='ocrx_word' id='word_1_97' title='bbox 579 1404 619 1435; x_wconf 86' lang='lat' dir='ltr'>sit</span> <span class='ocrx_word' id='word_1_98' title='bbox 647 1403 791 1435; x_wconf 85' lang='lat' dir='ltr'>abscisus</span> 
     </span>
    </p>

    <p class='ocr_par' dir='ltr' id='par_1_27' title="bbox 277 1451 715 1543">
     <span class='ocr_line' id='line_1_35' title="bbox 277 1451 702 1483; baseline 0.002 -1"><span class='ocrx_word' id='word_1_99' title='bbox 277 1451 318 1482; x_wconf 81' lang='lat' dir='ltr'>Et</span> <span class='ocrx_word' id='word_1_100' title='bbox 347 1451 378 1481; x_wconf 91' lang='lat' dir='ltr'>in</span> <span class='ocrx_word' id='word_1_101' title='bbox 405 1457 543 1483; x_wconf 85' lang='lat' dir='ltr'>statuam</span> <span class='ocrx_word' id='word_1_102' title='bbox 572 1452 702 1483; x_wconf 83' lang='lat' dir='ltr'>collisus</span> 
     </span>
     <span class='ocr_line' id='line_1_36' title="bbox 326 1499 715 1543; baseline 0.003 -13"><span class='ocrx_word' id='word_1_103' title='bbox 326 1499 426 1539; x_wconf 82' lang='lat' dir='ltr'>Lapis</span> <span class='ocrx_word' id='word_1_104' title='bbox 454 1501 522 1531; x_wconf 88' lang='lat' dir='ltr'>sine</span> <span class='ocrx_word' id='word_1_105' title='bbox 549 1500 715 1543; x_wconf 78' lang='lat' dir='ltr'>manibus3</span> 
     </span>
    </p>
   </div>
   <div class='ocr_carea' id='block_1_20' title="bbox 277 1589 815 1778">
    <p class='ocr_par' dir='ltr' id='par_1_28' title="bbox 277 1589 698 1632">
     <span class='ocr_line' id='line_1_37' title="bbox 277 1589 698 1632; baseline 0.01 -13"><span class='ocrx_word' id='word_1_106' title='bbox 277 1589 376 1622; x_wconf 83' lang='lat' dir='ltr'>Porta</span> <span class='ocrx_word' id='word_1_107' title='bbox 402 1591 480 1623; x_wconf 88' lang='lat' dir='ltr'>haec</span> <span class='ocrx_word' id='word_1_108' title='bbox 506 1592 698 1632; x_wconf 86' lang='lat' dir='ltr'>Ezechielis,</span> 
     </span>
    </p>

    <p class='ocr_par' dir='ltr' id='par_1_29' title="bbox 277 1639 815 1678">
     <span class='ocr_line' id='line_1_38' title="bbox 277 1639 815 1678; baseline 0.002 -8"><span class='ocrx_word' id='word_1_109' title='bbox 277 1640 340 1670; x_wconf 82' lang='lat' dir='ltr'>Per</span> <span class='ocrx_word' id='word_1_110' title='bbox 349 1648 443 1678; x_wconf 83' lang='lat' dir='ltr'>quam</span> <span class='ocrx_word' id='word_1_111' title='bbox 457 1641 596 1672; x_wconf 81' lang='lat' dir='ltr'>clausam</span> <span class='ocrx_word' id='word_1_112' title='bbox 606 1650 661 1671; x_wconf 84' lang='lat' dir='ltr'>rex</span> <span class='ocrx_word' id='word_1_113' title='bbox 669 1640 709 1671; x_wconf 90' lang='lat' dir='ltr'>de</span> <span class='ocrx_word' id='word_1_114' title='bbox 718 1639 815 1672; x_wconf 82' lang='lat' dir='ltr'>caelis</span> 
     </span>
    </p>

    <p class='ocr_par' dir='ltr' id='par_1_30' title="bbox 278 1688 740 1778">
     <span class='ocr_line' id='line_1_39' title="bbox 278 1688 696 1726; baseline 0.002 -8"><span class='ocrx_word' id='word_1_115' title='bbox 278 1688 502 1726; x_wconf 77' lang='lat' dir='ltr'>Pertransivit‚</span> <span class='ocrx_word' id='word_1_116' title='bbox 529 1693 562 1719; x_wconf 85' lang='lat' dir='ltr'>ut</span> <span class='ocrx_word' id='word_1_117' title='bbox 590 1688 696 1719; x_wconf 88' lang='lat' dir='ltr'>fidelis</span> 
     </span>
     <span class='ocr_line' id='line_1_40' title="bbox 324 1735 740 1778; baseline 0.007 -13"><span class='ocrx_word' id='word_1_118' title='bbox 324 1735 433 1767; x_wconf 86' lang='lat' dir='ltr'>Omnis</span> <span class='ocrx_word' id='word_1_119' title='bbox 460 1737 563 1767; x_wconf 85' lang='lat' dir='ltr'>credit</span> <span class='ocrx_word' id='word_1_120' title='bbox 590 1737 740 1778; x_wconf 82' lang='lat' dir='ltr'>populus,</span> 
     </span>
    </p>
   </div>
   <div class='ocr_carea' id='block_1_21' title="bbox 275 1826 799 2012">
    <p class='ocr_par' dir='ltr' id='par_1_31' title="bbox 277 1826 758 1867">
     <span class='ocr_line' id='line_1_41' title="bbox 277 1826 758 1867; baseline 0.004 -11"><span class='ocrx_word' id='word_1_121' title='bbox 277 1826 381 1857; x_wconf 87' lang='lat' dir='ltr'>Huius</span> <span class='ocrx_word' id='word_1_122' title='bbox 407 1836 503 1867; x_wconf 82' lang='lat' dir='ltr'>prece</span> <span class='ocrx_word' id='word_1_123' title='bbox 528 1832 637 1858; x_wconf 87' lang='lat' dir='ltr'>noster</span> <span class='ocrx_word' id='word_1_124' title='bbox 663 1836 758 1859; x_wconf 86' lang='lat' dir='ltr'>verus</span> 
     </span>
    </p>

    <p class='ocr_par' dir='ltr' id='par_1_32' title="bbox 276 1875 769 1915">
     <span class='ocr_line' id='line_1_42' title="bbox 276 1875 769 1915; baseline 0.002 -9"><span class='ocrx_word' id='word_1_125' title='bbox 276 1875 387 1906; x_wconf 79' lang='lat' dir='ltr'>Solvat</span> <span class='ocrx_word' id='word_1_126' title='bbox 413 1885 486 1906; x_wconf 88' lang='lat' dir='ltr'>suos</span> <span class='ocrx_word' id='word_1_127' title='bbox 513 1884 569 1906; x_wconf 85' lang='lat' dir='ltr'>rex</span> <span class='ocrx_word' id='word_1_128' title='bbox 596 1877 769 1915; x_wconf 79' lang='lat' dir='ltr'>Assuerus,</span> 
     </span>
    </p>

    <p class='ocr_par' dir='ltr' id='par_1_33' title="bbox 275 1923 799 2012">
     <span class='ocr_line' id='line_1_43' title="bbox 275 1923 799 1956; baseline 0.002 -2"><span class='ocrx_word' id='word_1_129' title='bbox 275 1923 408 1954; x_wconf 81' lang='lat' dir='ltr'>Hostem</span> <span class='ocrx_word' id='word_1_130' title='bbox 437 1924 541 1956; x_wconf 86' lang='lat' dir='ltr'>Aman</span> <span class='ocrx_word' id='word_1_131' title='bbox 570 1924 644 1955; x_wconf 89' lang='lat' dir='ltr'>dum</span> <span class='ocrx_word' id='word_1_132' title='bbox 669 1933 799 1956; x_wconf 88' lang='lat' dir='ltr'>severus</span> 
     </span>
     <span class='ocr_line' id='line_1_44' title="bbox 325 1971 654 2012; baseline 0.009 -10"><span class='ocrx_word' id='word_1_133' title='bbox 325 1971 413 2003; x_wconf 81' lang='lat' dir='ltr'>Fixit</span> <span class='ocrx_word' id='word_1_134' title='bbox 439 1973 471 2003; x_wconf 90' lang='lat' dir='ltr'>in</span> <span class='ocrx_word' id='word_1_135' title='bbox 499 1972 654 2012; x_wconf 88' lang='lat' dir='ltr'>patibulo.</span> 
     </span>
    </p>
   </div>
   <div class='ocr_carea' id='block_1_22' title="bbox 277 2063 777 2248">
    <p class='ocr_par' dir='ltr' id='par_1_34' title="bbox 282 2063 777 2104">
     <span class='ocr_line' id='line_1_45' title="bbox 282 2063 777 2104; baseline 0 -9"><span class='ocrx_word' id='word_1_136' title='bbox 282 2063 412 2095; x_wconf 79' lang='lat' dir='ltr'>Cunctis</span> <span class='ocrx_word' id='word_1_137' title='bbox 438 2064 604 2103; x_wconf 87' lang='lat' dir='ltr'>pulchrior</span> <span class='ocrx_word' id='word_1_138' title='bbox 630 2063 777 2104; x_wconf 89' lang='lat' dir='ltr'>personis</span> 
     </span>
    </p>

    <p class='ocr_par' dir='ltr' id='par_1_35' title="bbox 277 2111 766 2154">
     <span class='ocr_line' id='line_1_46' title="bbox 277 2111 766 2154; baseline -0.002 -10"><span class='ocrx_word' id='word_1_139' title='bbox 277 2111 393 2144; x_wconf 87' lang='lat' dir='ltr'>Glosat</span> <span class='ocrx_word' id='word_1_140' title='bbox 420 2121 548 2144; x_wconf 82' lang='lat' dir='ltr'>carmen</span> <span class='ocrx_word' id='word_1_141' title='bbox 576 2112 766 2154; x_wconf 87' lang='lat' dir='ltr'>Salomonis,</span> 
     </span>
    </p>

    <p class='ocr_par' dir='ltr' id='par_1_36' title="bbox 279 2160 732 2248">
     <span class='ocr_line' id='line_1_47' title="bbox 279 2160 731 2192; baseline 0.004 -2"><span class='ocrx_word' id='word_1_142' title='bbox 279 2160 362 2191; x_wconf 84' lang='lat' dir='ltr'>Nam</span> <span class='ocrx_word' id='word_1_143' title='bbox 389 2165 503 2192; x_wconf 84' lang='lat' dir='ltr'>ornata</span> <span class='ocrx_word' id='word_1_144' title='bbox 531 2161 612 2192; x_wconf 86' lang='lat' dir='ltr'>caeli</span> <span class='ocrx_word' id='word_1_145' title='bbox 639 2161 731 2192; x_wconf 89' lang='lat' dir='ltr'>donis</span> 
     </span>
     <span class='ocr_line' id='line_1_48' title="bbox 326 2208 732 2248; baseline 0.002 -7"><span class='ocrx_word' id='word_1_146' title='bbox 326 2208 443 2248; x_wconf 82' lang='lat' dir='ltr'>Fulget</span> <span class='ocrx_word' id='word_1_147' title='bbox 468 2210 501 2241; x_wconf 91' lang='lat' dir='ltr'>in</span> <span class='ocrx_word' id='word_1_148' title='bbox 528 2209 732 2243; x_wconf 82' lang='lat' dir='ltr'>caelestibus.</span> 
     </span>
    </p>
   </div>
   <div class='ocr_carea' id='block_1_23' title="bbox 275 2300 816 2488">
    <p class='ocr_par' dir='ltr' id='par_1_37' title="bbox 276 2300 816 2344">
     <span class='ocr_line' id='line_1_49' title="bbox 276 2300 816 2344; baseline 0.002 -12"><span class='ocrx_word' id='word_1_149' title='bbox 276 2300 352 2340; x_wconf 86' lang='lat' dir='ltr'>Sed,</span> <span class='ocrx_word' id='word_1_150' title='bbox 379 2310 397 2332; x_wconf 94' lang='grc' dir='ltr'>ο</span> <span class='ocrx_word' id='word_1_151' title='bbox 425 2302 526 2344; x_wconf 85' lang='lat' dir='ltr'>virgo,</span> <span class='ocrx_word' id='word_1_152' title='bbox 551 2312 635 2334; x_wconf 86' lang='lat' dir='ltr'>nunc</span> <span class='ocrx_word' id='word_1_153' title='bbox 659 2301 816 2334; x_wconf 59' lang='lat' dir='ltr'>ausculta,</span> 
     </span>
    </p>

    <p class='ocr_par' dir='ltr' id='par_1_38' title="bbox 275 2349 691 2394">
     <span class='ocr_line' id='line_1_50' title="bbox 275 2349 691 2394; baseline 0.002 -12"><span class='ocrx_word' id='word_1_154' title='bbox 275 2349 369 2382; x_wconf 88' lang='lat' dir='ltr'>Unde</span> <span class='ocrx_word' id='word_1_155' title='bbox 396 2350 456 2382; x_wconf 85' lang='lat' dir='ltr'>tibi</span> <span class='ocrx_word' id='word_1_156' title='bbox 482 2351 545 2383; x_wconf 85' lang='lat' dir='ltr'>ista</span> <span class='ocrx_word' id='word_1_157' title='bbox 571 2352 691 2394; x_wconf 74' lang='lat' dir='ltr'>multa3</span> 
     </span>
    </p>

    <p class='ocr_par' dir='ltr' id='par_1_39' title="bbox 276 2398 780 2488">
     <span class='ocr_line' id='line_1_51' title="bbox 276 2398 780 2432; baseline 0.004 -3"><span class='ocrx_word' id='word_1_158' title='bbox 276 2398 340 2429; x_wconf 89' lang='lat' dir='ltr'>Per</span> <span class='ocrx_word' id='word_1_159' title='bbox 365 2408 422 2431; x_wconf 89' lang='lat' dir='ltr'>nos</span> <span class='ocrx_word' id='word_1_160' title='bbox 448 2409 520 2432; x_wconf 88' lang='lat' dir='ltr'>reos</span> <span class='ocrx_word' id='word_1_161' title='bbox 547 2400 626 2431; x_wconf 84' lang='lat' dir='ltr'>haec</span> <span class='ocrx_word' id='word_1_162' title='bbox 652 2400 780 2432; x_wconf 82' lang='lat' dir='ltr'>indulta</span> 
     </span>
     <span class='ocr_line' id='line_1_52' title="bbox 325 2446 727 2488; baseline 0.01 -11"><span class='ocrx_word' id='word_1_163' title='bbox 325 2446 397 2478; x_wconf 91' lang='lat' dir='ltr'>Tibi</span> <span class='ocrx_word' id='word_1_164' title='bbox 425 2453 499 2480; x_wconf 84' lang='lat' dir='ltr'>sunt·</span> <span class='ocrx_word' id='word_1_165' title='bbox 525 2459 543 2481; x_wconf 85' lang='lat' dir='ltr'><strong>a</strong></span> <span class='ocrx_word' id='word_1_166' title='bbox 571 2449 727 2488; x_wconf 76' lang='lat' dir='ltr'>Domino3</span> 
     </span>
    </p>
   </div>
   <div class='ocr_carea' id='block_1_24' title="bbox 881 648 941 681">
    <p class='ocr_par' dir='ltr' id='par_1_40' title="bbox 881 648 941 681">
     <span class='ocr_line' id='line_1_53' title="bbox 881 648 941 681; baseline 0 0"><span class='ocrx_word' id='word_1_167' title='bbox 881 648 941 681; x_wconf 91' lang='lat' dir='ltr'>lb.</span> 
     </span>
    </p>
   </div>
   <div class='ocr_carea' id='block_1_25' title="bbox 881 885 941 918">
    <p class='ocr_par' dir='ltr' id='par_1_41' title="bbox 881 885 941 918">
     <span class='ocr_line' id='line_1_54' title="bbox 881 885 941 918; baseline 0 -1"><span class='ocrx_word' id='word_1_168' title='bbox 881 885 941 918; x_wconf 85' lang='lat' dir='ltr'>2b.</span> 
     </span>
    </p>
   </div>
   <div class='ocr_carea' id='block_1_26' title="bbox 884 1120 946 1154">
    <p class='ocr_par' dir='ltr' id='par_1_42' title="bbox 884 1120 946 1154">
     <span class='ocr_line' id='line_1_55' title="bbox 884 1120 946 1154; baseline -0.032 0"><span class='ocrx_word' id='word_1_169' title='bbox 884 1120 946 1154; x_wconf 88' lang='lat' dir='ltr'>3b.</span> 
     </span>
    </p>
   </div>
   <div class='ocr_carea' id='block_1_27' title="bbox 883 1356 946 1389">
    <p class='ocr_par' dir='ltr' id='par_1_43' title="bbox 883 1356 946 1389">
     <span class='ocr_line' id='line_1_56' title="bbox 883 1356 946 1389; baseline -0.032 0"><span class='ocrx_word' id='word_1_170' title='bbox 883 1356 946 1389; x_wconf 82' lang='lat' dir='ltr'>4b.</span> 
     </span>
    </p>
   </div>
   <div class='ocr_carea' id='block_1_28' title="bbox 885 1591 944 1625">
    <p class='ocr_par' dir='ltr' id='par_1_44' title="bbox 885 1591 944 1625">
     <span class='ocr_line' id='line_1_57' title="bbox 885 1591 944 1625; baseline -0.017 -1"><span class='ocrx_word' id='word_1_171' title='bbox 885 1591 944 1625; x_wconf 88' lang='lat' dir='ltr'>5b.</span> 
     </span>
    </p>
   </div>
   <div class='ocr_carea' id='block_1_29' title="bbox 884 1827 946 1861">
    <p class='ocr_par' dir='ltr' id='par_1_45' title="bbox 884 1827 946 1861">
     <span class='ocr_line' id='line_1_58' title="bbox 884 1827 946 1861; baseline -0.016 0"><span class='ocrx_word' id='word_1_172' title='bbox 884 1827 946 1861; x_wconf 84' lang='lat' dir='ltr'>6b.</span> 
     </span>
    </p>
   </div>
   <div class='ocr_carea' id='block_1_30' title="bbox 887 2065 946 2099">
    <p class='ocr_par' dir='ltr' id='par_1_46' title="bbox 887 2065 946 2099">
     <span class='ocr_line' id='line_1_59' title="bbox 887 2065 946 2099; baseline 0 -1"><span class='ocrx_word' id='word_1_173' title='bbox 887 2065 946 2099; x_wconf 84' lang='lat' dir='ltr'>7b.</span> 
     </span>
    </p>
   </div>
   <div class='ocr_carea' id='block_1_31' title="bbox 885 2301 945 2334">
    <p class='ocr_par' dir='ltr' id='par_1_47' title="bbox 885 2301 945 2334">
     <span class='ocr_line' id='line_1_60' title="bbox 885 2301 945 2334; baseline 0 0"><span class='ocrx_word' id='word_1_174' title='bbox 885 2301 945 2334; x_wconf 87' lang='lat' dir='ltr'>8b.</span> 
     </span>
    </p>
   </div>
   <div class='ocr_carea' id='block_1_32' title="bbox 967 648 1511 825">
    <p class='ocr_par' dir='ltr' id='par_1_48' title="bbox 967 648 1511 689">
     <span class='ocr_line' id='line_1_61' title="bbox 967 648 1511 689; baseline -0.006 -9"><span class='ocrx_word' id='word_1_175' title='bbox 967 649 1058 680; x_wconf 85' lang='lat' dir='ltr'>Haec</span> <span class='ocrx_word' id='word_1_176' title='bbox 1084 653 1134 680; x_wconf 86' lang='lat' dir='ltr'>est</span> <span class='ocrx_word' id='word_1_177' title='bbox 1153 649 1242 689; x_wconf 86' lang='lat' dir='ltr'>glosa</span> <span class='ocrx_word' id='word_1_178' title='bbox 1261 648 1511 686; x_wconf 81' lang='lat' dir='ltr'>scripturarum,</span> 
     </span>
    </p>

    <p class='ocr_par' dir='ltr' id='par_1_49' title="bbox 967 696 1453 738">
     <span class='ocr_line' id='line_1_62' title="bbox 967 696 1453 738; baseline -0.008 -9"><span class='ocrx_word' id='word_1_179' title='bbox 967 699 1056 738; x_wconf 82' lang='lat' dir='ltr'>Quae</span> <span class='ocrx_word' id='word_1_180' title='bbox 1083 697 1123 729; x_wconf 92' lang='lat' dir='ltr'>de</span> <span class='ocrx_word' id='word_1_181' title='bbox 1148 697 1220 738; x_wconf 87' lang='lat' dir='ltr'>lege</span> <span class='ocrx_word' id='word_1_182' title='bbox 1247 696 1453 727; x_wconf 88' lang='lat' dir='ltr'>tenebrarum</span> 
     </span>
    </p>

    <p class='ocr_par' dir='ltr' id='par_1_50' title="bbox 970 743 1445 825">
     <span class='ocr_line' id='line_1_63' title="bbox 970 743 1445 784; baseline -0.006 -7"><span class='ocrx_word' id='word_1_183' title='bbox 970 745 1125 778; x_wconf 84' lang='lat' dir='ltr'><strong>Umbram</strong></span> <span class='ocrx_word' id='word_1_184' title='bbox 1153 743 1243 784; x_wconf 79' lang='lat' dir='ltr'>fugat</span> <span class='ocrx_word' id='word_1_185' title='bbox 1269 743 1445 784; x_wconf 85' lang='lat' dir='ltr'>figurarum</span> 
     </span>
     <span class='ocr_line' id='line_1_64' title="bbox 1017 792 1396 825; baseline -0.008 0"><span class='ocrx_word' id='word_1_186' title='bbox 1017 794 1060 825; x_wconf 90' lang='lat' dir='ltr'>Et</span> <span class='ocrx_word' id='word_1_187' title='bbox 1086 793 1223 824; x_wconf 84' lang='lat' dir='ltr'>extersit</span> <span class='ocrx_word' id='word_1_188' title='bbox 1248 792 1396 823; x_wconf 86' lang='lat' dir='ltr'>scoriam.</span> 
     </span>
    </p>
   </div>
   <div class='ocr_carea' id='block_1_33' title="bbox 969 883 1483 1070">
    <p class='ocr_par' dir='ltr' id='par_1_51' title="bbox 969 883 1475 924">
     <span class='ocr_line' id='line_1_65' title="bbox 969 883 1475 924; baseline -0.006 -8"><span class='ocrx_word' id='word_1_189' title='bbox 969 884 1033 916; x_wconf 90' lang='lat' dir='ltr'>Sed</span> <span class='ocrx_word' id='word_1_190' title='bbox 1061 888 1110 915; x_wconf 91' lang='lat' dir='ltr'>est</span> <span class='ocrx_word' id='word_1_191' title='bbox 1135 884 1229 915; x_wconf 90' lang='lat' dir='ltr'>huius</span> <span class='ocrx_word' id='word_1_192' title='bbox 1255 884 1346 923; x_wconf 82' lang='lat' dir='ltr'>virgo</span> <span class='ocrx_word' id='word_1_193' title='bbox 1373 883 1475 924; x_wconf 82' lang='lat' dir='ltr'>glosa,</span> 
     </span>
    </p>

    <p class='ocr_par' dir='ltr' id='par_1_52' title="bbox 970 930 1462 972">
     <span class='ocr_line' id='line_1_66' title="bbox 970 930 1462 972; baseline -0.004 -9"><span class='ocrx_word' id='word_1_194' title='bbox 970 934 1071 972; x_wconf 81' lang='lat' dir='ltr'>Quam</span> <span class='ocrx_word' id='word_1_195' title='bbox 1098 941 1160 963; x_wconf 88' lang='lat' dir='ltr'>non</span> <span class='ocrx_word' id='word_1_196' title='bbox 1189 930 1317 963; x_wconf 85' lang='lat' dir='ltr'><strong>flamma</strong></span> <span class='ocrx_word' id='word_1_197' title='bbox 1343 932 1462 962; x_wconf 82' lang='lat' dir='ltr'>vitiosa</span> 
     </span>
    </p>

    <p class='ocr_par' dir='ltr' id='par_1_53' title="bbox 971 978 1483 1070">
     <span class='ocr_line' id='line_1_67' title="bbox 971 978 1483 1020; baseline -0.002 -9"><span class='ocrx_word' id='word_1_198' title='bbox 971 980 1091 1020; x_wconf 72' lang='lat' dir='ltr'>Laesst,</span> <span class='ocrx_word' id='word_1_199' title='bbox 1117 980 1173 1011; x_wconf 87' lang='lat' dir='ltr'>sed</span> <span class='ocrx_word' id='word_1_200' title='bbox 1201 984 1236 1011; x_wconf 88' lang='lat' dir='ltr'>ut</span> <span class='ocrx_word' id='word_1_201' title='bbox 1262 978 1381 1011; x_wconf 89' lang='lat' dir='ltr'>florens</span> <span class='ocrx_word' id='word_1_202' title='bbox 1409 987 1483 1010; x_wconf 83' lang='lat' dir='ltr'>rosa</span> 
     </span>
     <span class='ocr_line' id='line_1_68' title="bbox 1019 1027 1414 1070; baseline 0 -10"><span class='ocrx_word' id='word_1_203' title='bbox 1019 1028 1162 1070; x_wconf 87' lang='lat' dir='ltr'>Gignens</span> <span class='ocrx_word' id='word_1_204' title='bbox 1189 1031 1279 1060; x_wconf 82' lang='lat' dir='ltr'>casta</span> <span class='ocrx_word' id='word_1_205' title='bbox 1304 1027 1414 1060; x_wconf 83' lang='lat' dir='ltr'>filium.</span> 
     </span>
    </p>
   </div>
   <div class='ocr_carea' id='block_1_34' title="bbox 972 1120 1458 1297">
    <p class='ocr_par' dir='ltr' id='par_1_54' title="bbox 975 1120 1458 1162">
     <span class='ocr_line' id='line_1_69' title="bbox 975 1120 1458 1162; baseline -0.002 -11"><span class='ocrx_word' id='word_1_206' title='bbox 975 1121 1052 1152; x_wconf 89' lang='lat' dir='ltr'>Cum</span> <span class='ocrx_word' id='word_1_207' title='bbox 1080 1124 1126 1162; x_wconf 87' lang='lat' dir='ltr'>tu,</span> <span class='ocrx_word' id='word_1_208' title='bbox 1154 1120 1244 1159; x_wconf 86' lang='lat' dir='ltr'>virgo</span> <span class='ocrx_word' id='word_1_209' title='bbox 1272 1120 1458 1161; x_wconf 81' lang='lat' dir='ltr'>singularis,</span> 
     </span>
    </p>

    <p class='ocr_par' dir='ltr' id='par_1_55' title="bbox 972 1167 1388 1208">
     <span class='ocr_line' id='line_1_70' title="bbox 972 1167 1388 1208; baseline -0.002 -9"><span class='ocrx_word' id='word_1_210' title='bbox 972 1169 1148 1208; x_wconf 84' lang='lat' dir='ltr'>Inexperta</span> <span class='ocrx_word' id='word_1_211' title='bbox 1174 1167 1260 1199; x_wconf 90' lang='lat' dir='ltr'>thori</span> <span class='ocrx_word' id='word_1_212' title='bbox 1291 1168 1388 1198; x_wconf 85' lang='lat' dir='ltr'>maris</span> 
     </span>
    </p>

    <p class='ocr_par' dir='ltr' id='par_1_56' title="bbox 973 1216 1398 1297">
     <span class='ocr_line' id='line_1_71' title="bbox 973 1216 1356 1257; baseline -0.005 -9"><span class='ocrx_word' id='word_1_213' title='bbox 973 1216 1061 1248; x_wconf 82' lang='lat' dir='ltr'>Caeli</span> <span class='ocrx_word' id='word_1_214' title='bbox 1089 1217 1194 1255; x_wconf 83' lang='lat' dir='ltr'>gratia</span> <span class='ocrx_word' id='word_1_215' title='bbox 1221 1216 1356 1257; x_wconf 77' lang='lat' dir='ltr'>roraris,</span> 
     </span>
     <span class='ocr_line' id='line_1_72' title="bbox 1020 1264 1398 1297; baseline 0.003 -1"><span class='ocrx_word' id='word_1_216' title='bbox 1020 1265 1142 1296; x_wconf 86' lang='lat' dir='ltr'>Parens</span> <span class='ocrx_word' id='word_1_217' title='bbox 1170 1264 1231 1295; x_wconf 93' lang='lat' dir='ltr'>Dei</span> <span class='ocrx_word' id='word_1_218' title='bbox 1258 1264 1398 1297; x_wconf 88' lang='lat' dir='ltr'>numine.</span> 
     </span>
    </p>
   </div>
   <div class='ocr_carea' id='block_1_35' title="bbox 971 1356 1480 1541">
    <p class='ocr_par' dir='ltr' id='par_1_57' title="bbox 972 1356 1480 1398">
     <span class='ocr_line' id='line_1_73' title="bbox 972 1356 1480 1398; baseline 0.002 -12"><span class='ocrx_word' id='word_1_219' title='bbox 972 1356 1094 1387; x_wconf 82' lang='lat' dir='ltr'>Domus</span> <span class='ocrx_word' id='word_1_220' title='bbox 1122 1356 1192 1398; x_wconf 82' lang='lat' dir='ltr'>Dei,</span> <span class='ocrx_word' id='word_1_221' title='bbox 1220 1365 1311 1387; x_wconf 84' lang='lat' dir='ltr'>mons</span> <span class='ocrx_word' id='word_1_222' title='bbox 1336 1359 1480 1398; x_wconf 82' lang='lat' dir='ltr'>paratus,</span> 
     </span>
    </p>

    <p class='ocr_par' dir='ltr' id='par_1_58' title="bbox 974 1404 1376 1444">
     <span class='ocr_line' id='line_1_74' title="bbox 974 1404 1376 1444; baseline 0 -9"><span class='ocrx_word' id='word_1_223' title='bbox 974 1404 1078 1444; x_wconf 84' lang='lat' dir='ltr'>Super</span> <span class='ocrx_word' id='word_1_224' title='bbox 1106 1405 1204 1435; x_wconf 90' lang='lat' dir='ltr'>colles</span> <span class='ocrx_word' id='word_1_225' title='bbox 1232 1405 1376 1435; x_wconf 77' lang='lat' dir='ltr'>elevatus</span> 
     </span>
    </p>

    <p class='ocr_par' dir='ltr' id='par_1_59' title="bbox 971 1452 1464 1541">
     <span class='ocr_line' id='line_1_75' title="bbox 971 1452 1464 1492; baseline 0 -9"><span class='ocrx_word' id='word_1_226' title='bbox 971 1452 1028 1483; x_wconf 69' lang='lat' dir='ltr'>Est</span> <span class='ocrx_word' id='word_1_227' title='bbox 1059 1462 1075 1482; x_wconf 82' lang='lat' dir='ltr'>e</span> <span class='ocrx_word' id='word_1_228' title='bbox 1103 1453 1192 1484; x_wconf 83' lang='lat' dir='ltr'>caelo</span> <span class='ocrx_word' id='word_1_229' title='bbox 1220 1453 1464 1492; x_wconf 77' lang='lat' dir='ltr'>impraegnatus</span> 
     </span>
     <span class='ocr_line' id='line_1_76' title="bbox 1023 1501 1343 1541; baseline 0.003 -9"><span class='ocrx_word' id='word_1_230' title='bbox 1023 1501 1142 1533; x_wconf 86' lang='lat' dir='ltr'>Uterus</span> <span class='ocrx_word' id='word_1_231' title='bbox 1170 1502 1343 1541; x_wconf 82' lang='lat' dir='ltr'>virgineus.</span> 
     </span>
    </p>
   </div>
   <div class='ocr_carea' id='block_1_36' title="bbox 974 1591 1442 1776">
    <p class='ocr_par' dir='ltr' id='par_1_60' title="bbox 974 1591 1361 1632">
     <span class='ocr_line' id='line_1_77' title="bbox 974 1591 1361 1632; baseline 0.005 -10"><span class='ocrx_word' id='word_1_232' title='bbox 974 1591 1058 1622; x_wconf 75' lang='lat' dir='ltr'>Dato</span> <span class='ocrx_word' id='word_1_233' title='bbox 1081 1592 1172 1632; x_wconf 86' lang='lat' dir='ltr'>signo</span> <span class='ocrx_word' id='word_1_234' title='bbox 1200 1592 1361 1624; x_wconf 81' lang='lat' dir='ltr'>Ezechiae</span> 
     </span>
    </p>

    <p class='ocr_par' dir='ltr' id='par_1_61' title="bbox 974 1639 1422 1672">
     <span class='ocr_line' id='line_1_78' title="bbox 974 1639 1422 1672; baseline 0.002 -1"><span class='ocrx_word' id='word_1_235' title='bbox 974 1639 1092 1671; x_wconf 81' lang='lat' dir='ltr'>Decem</span> <span class='ocrx_word' id='word_1_236' title='bbox 1122 1640 1208 1671; x_wconf 86' lang='lat' dir='ltr'>horis</span> <span class='ocrx_word' id='word_1_237' title='bbox 1236 1641 1282 1672; x_wconf 85' lang='lat' dir='ltr'>sol</span> <span class='ocrx_word' id='word_1_238' title='bbox 1309 1641 1342 1671; x_wconf 90' lang='lat' dir='ltr'>in</span> <span class='ocrx_word' id='word_1_239' title='bbox 1370 1641 1422 1672; x_wconf 85' lang='lat' dir='ltr'>die</span> 
     </span>
    </p>

    <p class='ocr_par' dir='ltr' id='par_1_62' title="bbox 975 1688 1442 1776">
     <span class='ocr_line' id='line_1_79' title="bbox 975 1688 1442 1729; baseline 0 -9"><span class='ocrx_word' id='word_1_240' title='bbox 975 1688 1184 1729; x_wconf 84' lang='lat' dir='ltr'>Retroeessit,</span> <span class='ocrx_word' id='word_1_241' title='bbox 1213 1689 1288 1720; x_wconf 89' lang='lat' dir='ltr'>dum</span> <span class='ocrx_word' id='word_1_242' title='bbox 1313 1689 1442 1721; x_wconf 81' lang='lat' dir='ltr'>Mariae</span> 
     </span>
     <span class='ocr_line' id='line_1_80' title="bbox 1019 1737 1403 1776; baseline 0.005 -9"><span class='ocrx_word' id='word_1_243' title='bbox 1019 1737 1121 1768; x_wconf 90' lang='lat' dir='ltr'>Deum</span> <span class='ocrx_word' id='word_1_244' title='bbox 1149 1742 1257 1776; x_wconf 80' lang='lat' dir='ltr'>portat</span> <span class='ocrx_word' id='word_1_245' title='bbox 1284 1742 1403 1769; x_wconf 86' lang='lat' dir='ltr'>uterus.</span> 
     </span>
    </p>
   </div>
   <div class='ocr_carea' id='block_1_37' title="bbox 972 1828 1458 2017">
    <p class='ocr_par' dir='ltr' id='par_1_63' title="bbox 974 1828 1398 1870">
     <span class='ocr_line' id='line_1_81' title="bbox 974 1828 1398 1870; baseline 0.007 -11"><span class='ocrx_word' id='word_1_246' title='bbox 974 1828 1099 1860; x_wconf 90' lang='lat' dir='ltr'>Inimici</span> <span class='ocrx_word' id='word_1_247' title='bbox 1127 1834 1255 1861; x_wconf 85' lang='lat' dir='ltr'>nostrae</span> <span class='ocrx_word' id='word_1_248' title='bbox 1283 1832 1398 1870; x_wconf 81' lang='lat' dir='ltr'>gentis,</span> 
     </span>
    </p>

    <p class='ocr_par' dir='ltr' id='par_1_64' title="bbox 972 1876 1348 1919">
     <span class='ocr_line' id='line_1_82' title="bbox 972 1876 1348 1919; baseline 0.005 -11"><span class='ocrx_word' id='word_1_249' title='bbox 972 1876 1160 1908; x_wconf 90' lang='lat' dir='ltr'>Holofernis</span> <span class='ocrx_word' id='word_1_250' title='bbox 1188 1877 1348 1919; x_wconf 77' lang='lat' dir='ltr'>furientis,</span> 
     </span>
    </p>

    <p class='ocr_par' dir='ltr' id='par_1_65' title="bbox 972 1925 1458 2017">
     <span class='ocr_line' id='line_1_83' title="bbox 972 1925 1424 1967; baseline 0.002 -9"><span class='ocrx_word' id='word_1_251' title='bbox 972 1925 1077 1965; x_wconf 89' lang='lat' dir='ltr'>Caput</span> <span class='ocrx_word' id='word_1_252' title='bbox 1103 1926 1237 1958; x_wconf 84' lang='lat' dir='ltr'>abstulit</span> <span class='ocrx_word' id='word_1_253' title='bbox 1261 1928 1424 1967; x_wconf 79' lang='lat' dir='ltr'>serpentis</span> 
     </span>
     <span class='ocr_line' id='line_1_84' title="bbox 1020 1974 1458 2017; baseline 0.007 -11"><span class='ocrx_word' id='word_1_254' title='bbox 1020 1974 1139 2006; x_wconf 85' lang='lat' dir='ltr'>Pacem</span> <span class='ocrx_word' id='word_1_255' title='bbox 1167 1980 1300 2015; x_wconf 84' lang='lat' dir='ltr'>portans</span> <span class='ocrx_word' id='word_1_256' title='bbox 1327 1977 1458 2017; x_wconf 91' lang='lat' dir='ltr'>populo.</span> 
     </span>
    </p>
   </div>
   <div class='ocr_carea' id='block_1_38' title="bbox 973 2066 1516 2253">
    <p class='ocr_par' dir='ltr' id='par_1_66' title="bbox 976 2066 1416 2111">
     <span class='ocr_line' id='line_1_85' title="bbox 976 2066 1416 2111; baseline 0.007 -14"><span class='ocrx_word' id='word_1_257' title='bbox 976 2066 1168 2098; x_wconf 79' lang='lat' dir='ltr'>Coronatam</span> <span class='ocrx_word' id='word_1_258' title='bbox 1196 2068 1300 2099; x_wconf 89' lang='lat' dir='ltr'>stellis</span> <span class='ocrx_word' id='word_1_259' title='bbox 1327 2069 1416 2111; x_wconf 77' lang='lat' dir='ltr'>cole3</span> 
     </span>
    </p>

    <p class='ocr_par' dir='ltr' id='par_1_67' title="bbox 973 2115 1331 2148">
     <span class='ocr_line' id='line_1_86' title="bbox 973 2115 1331 2148; baseline 0.006 -2"><span class='ocrx_word' id='word_1_260' title='bbox 973 2115 1093 2147; x_wconf 86' lang='lat' dir='ltr'>Mulier</span> <span class='ocrx_word' id='word_1_261' title='bbox 1119 2116 1237 2147; x_wconf 84' lang='lat' dir='ltr'>amicta</span> <span class='ocrx_word' id='word_1_262' title='bbox 1263 2117 1331 2148; x_wconf 91' lang='lat' dir='ltr'>sole</span> 
     </span>
    </p>

    <p class='ocr_par' dir='ltr' id='par_1_68' title="bbox 976 2163 1516 2253">
     <span class='ocr_line' id='line_1_87' title="bbox 976 2163 1516 2207; baseline 0.011 -14"><span class='ocrx_word' id='word_1_263' title='bbox 976 2163 1106 2194; x_wconf 83' lang='lat' dir='ltr'>Cunctis</span> <span class='ocrx_word' id='word_1_264' title='bbox 1133 2165 1301 2204; x_wconf 80' lang='lat' dir='ltr'>praesidet</span> <span class='ocrx_word' id='word_1_265' title='bbox 1323 2174 1393 2196; x_wconf 91' lang='lat' dir='ltr'>cum</span> <span class='ocrx_word' id='word_1_266' title='bbox 1413 2167 1516 2207; x_wconf 88' lang='lat' dir='ltr'>prole,</span> 
     </span>
     <span class='ocr_line' id='line_1_88' title="bbox 1022 2211 1481 2253; baseline 0.009 -10"><span class='ocrx_word' id='word_1_267' title='bbox 1022 2211 1146 2243; x_wconf 88' lang='lat' dir='ltr'>Lunam</span> <span class='ocrx_word' id='word_1_268' title='bbox 1174 2213 1303 2244; x_wconf 86' lang='lat' dir='ltr'>calcans</span> <span class='ocrx_word' id='word_1_269' title='bbox 1329 2214 1481 2253; x_wconf 80' lang='lat' dir='ltr'>pedibus,</span> 
     </span>
    </p>
   </div>
   <div class='ocr_carea' id='block_1_39' title="bbox 974 2302 1454 2489">
    <p class='ocr_par' dir='ltr' id='par_1_69' title="bbox 974 2302 1454 2350">
     <span class='ocr_line' id='line_1_89' title="bbox 974 2302 1454 2350; baseline 0.013 -17"><span class='ocrx_word' id='word_1_270' title='bbox 974 2302 1057 2334; x_wconf 83' lang='lat' dir='ltr'>Nam</span> <span class='ocrx_word' id='word_1_271' title='bbox 1084 2303 1112 2334; x_wconf 88' lang='lat' dir='ltr'>si</span> <span class='ocrx_word' id='word_1_272' title='bbox 1137 2304 1245 2335; x_wconf 90' lang='lat' dir='ltr'>nullus</span> <span class='ocrx_word' id='word_1_273' title='bbox 1271 2306 1454 2350; x_wconf 88' lang='lat' dir='ltr'>cecidisset,</span> 
     </span>
    </p>

    <p class='ocr_par' dir='ltr' id='par_1_70' title="bbox 974 2351 1392 2397">
     <span class='ocr_line' id='line_1_90' title="bbox 974 2351 1392 2397; baseline 0.01 -15"><span class='ocrx_word' id='word_1_274' title='bbox 974 2351 1150 2383; x_wconf 84' lang='lat' dir='ltr'>Relevator</span> <span class='ocrx_word' id='word_1_275' title='bbox 1176 2362 1239 2384; x_wconf 89' lang='lat' dir='ltr'>non</span> <span class='ocrx_word' id='word_1_276' title='bbox 1267 2352 1392 2397; x_wconf 79' lang='lat' dir='ltr'>fuisset,</span> 
     </span>
    </p>

    <p class='ocr_par' dir='ltr' id='par_1_71' title="bbox 975 2399 1451 2489">
     <span class='ocr_line' id='line_1_91' title="bbox 975 2399 1451 2442; baseline 0.013 -11"><span class='ocrx_word' id='word_1_277' title='bbox 975 2399 1039 2431; x_wconf 89' lang='lat' dir='ltr'>Sed</span> <span class='ocrx_word' id='word_1_278' title='bbox 1066 2409 1125 2432; x_wconf 89' lang='lat' dir='ltr'>nec</span> <span class='ocrx_word' id='word_1_279' title='bbox 1151 2401 1242 2441; x_wconf 82' lang='lat' dir='ltr'>virgo</span> <span class='ocrx_word' id='word_1_280' title='bbox 1269 2404 1451 2442; x_wconf 86' lang='lat' dir='ltr'>peperisset</span> 
     </span>
     <span class='ocr_line' id='line_1_92' title="bbox 1023 2449 1442 2489; baseline 0.014 -9"><span class='ocrx_word' id='word_1_281' title='bbox 1023 2449 1276 2489; x_wconf 85' lang='lat' dir='ltr'>Redemptorem</span> <span class='ocrx_word' id='word_1_282' title='bbox 1302 2453 1442 2487; x_wconf 73' lang='lat' dir='ltr'>saeculo,</span> 
     </span>
    </p>
   </div>
  </div>
 </body>
</html>
