1654 2756
210 252 270 284 32.

741 149 1003 185 —274—

302 249 438 290 Insignis
465 247 616 288 martyris

353 297 486 335 insignis
512 296 623 336 gloria,

306 347 417 378 Dulcis
444 348 492 376 est
518 344 627 384 gaudii

353 393 455 425 dulcis
482 392 626 424 materia.

900 245 963 279 3b.

996 245 1115 278 Insiste
1140 246 1287 286 canticis,

1046 297 1149 326 mater
1174 295 1322 335 ecclesia,

998 342 1138 375 Caelesti
1164 342 1265 375 iubilo

1045 394 1140 432 tange
1167 391 1330 424 caelestia.

210 482 273 514 4³.
306 481 394 511 Inter
418 487 510 510 curas
536 478 702 510 absolutus
900 477 964 511 4b.
997 477 1187 518 Suspirabat
1214 477 1247 509 in
1273 481 1418 514 aeterna,

303 529 371 560 Rex
398 527 528 566 olavus,
553 527 744 558 constitutus
997 526 1213 558 Praevolabat
1239 526 1272 558 in
1299 533 1441 566 superna

356 577 391 608 ln
419 575 508 616 regni
535 574 675 615 fastigio,
1045 575 1166 606 Mentis
1194 574 1369 606 desideriO.

217 666 277 695 521.
311 662 432 695 Christi
458 660 580 692 tractus
606 661 638 692 in
665 660 775 700 odore,
901 660 964 694 5b.
995 661 1058 693 Hic
1083 669 1143 692 nec
1169 660 1263 691 minis
1290 668 1349 692 nec
1377 663 1504 690 terrore

312 710 432 744 Christi
458 709 611 749 languens
637 709 670 740 in
696 717 815 749 amore,
996 709 1113 742 Mortis
1140 708 1262 740 fractus
1289 716 1348 740 nec
1377 706 1489 739 labore

310 760 403 791 Vires
430 767 556 789 sumens
583 766 622 789 ex
647 757 813 797 languore,
998 757 1163 789 Idolorum
1189 756 1230 788 ab
1258 764 1368 788 errore

310 808 425 842 Corde,
454 806 547 846 votis,
575 804 681 844 factis,
709 814 775 846 ore,
997 806 1102 837 Multo
1126 806 1255 846 quidem
1282 813 1354 837 cum
1379 805 1499 835 sudore

353 857 451 895 Quem
478 853 618 892 amabat,
647 854 756 886 coluit.
1046 853 1182 886 Gentem
1209 863 1298 885 suam
1326 852 1422 884 eruit.

211 944 269 976 6a.
300 942 389 974 Tulit
413 941 452 972 ab
479 940 577 979 impia
902 939 965 973 6b.
996 940 1083 972 Mira
1109 940 1288 972 constantia

306 990 409 1022 Gente
435 988 587 1027 ludibria,
996 989 1127 1020 Devicit
1151 989 1269 1027 omnia,

305 1039 412 1070 Minas
438 1042 471 1068 et
497 1036 582 1078 odia,
997 1036 1092 1068 Felix
1118 1035 1226 1068 felicia

307 1086 439 1126 Poenas,
468 1085 590 1126 exsilia,
997 1085 1143 1125 Migrans
1169 1085 1211 1117 ad
1238 1085 1356 1125 gaudia

358 1134 422 1165 Sed
449 1137 553 1163 mente
579 1132 708 1173 stabili;
1046 1133 1123 1165 Cum
1150 1133 1257 1173 palma
1285 1131 1396 1164 nobili.

212 1221 230 1253 7
249 1231 276 1252 a.
308 1221 394 1252 Ante
421 1219 505 1250 diem
531 1218 689 1258 passionis
904 1218 966 1251 7b.
997 1219 1087 1259 Quod
1114 1219 1253 1258 amabat,
1281 1217 1518 1259 praegustavit,

309 1268 362 1300 Ad
389 1267 536 1299 instantis
563 1267 626 1297 vim
653 1267 762 1306 agonis
998 1267 1244 1308 Praegustatum
1271 1267 1344 1307 plus
1371 1265 1509 1306 optavit,

310 1316 478 1348 Animatus
506 1315 636 1346 visionis
1000 1315 1074 1346 Plus
1101 1319 1246 1355 optatum
1273 1314 1460 1347 vendicavit

358 1364 496 1396 Divinae
523 1363 651 1404 solacio,
1051 1363 1175 1395 Illustri
1205 1362 1372 1403 martyrio.

213 1451 273 1483 8a.
306 1451 375 1482 Rex
404 1454 431 1479 et
461 1453 584 1488 martyr
610 1449 824 1490 triumphalis,
907 1448 970 1481 ab.
1003 1450 1088 1488 Quos
1114 1447 1248 1480 infestat
1275 1448 1322 1479 vis
1347 1447 1498 1487 carnalis,

314 1499 414 1530 Tutor
440 1502 548 1528 noster
573 1497 732 1540 specialis,

309 1547 378 1578 Tua
404 1545 511 1584 proles
537 1545 694 1585 spiritalis

311 1595 359 1626 Sit
385 1593 425 1626 ab
452 1593 544 1624 huius
570 1593 679 1625 mundi
706 1594 798 1626 malis

358 1643 403 1674 Te
428 1647 535 1672 tuente
562 1642 673 1674 libera.

1007 1497 1198 1537 Corruptela
1225 1495 1398 1537 generaliS,

1008 1545 1113 1577 Testis
1139 1550 1253 1585 potens
1280 1549 1312 1576 et
1337 1544 1457 1583 letalis,

1009 1593 1076 1625 Nos
1104 1593 1162 1625 sub
1190 1594 1254 1625 tuis
1281 1597 1367 1624 tutos
1394 1592 1454 1624 alis

1054 1641 1123 1673 Tua
1150 1642 1253 1673 salvet
1281 1642 1429 1673 dextera.

294 1719 375 1746 Miss.
404 1726 455 1744 ms.
486 1718 648 1753 Upsalense
676 1728 751 1745 saec.
782 1717 826 1746 15.
855 1718 924 1746 Cod.
954 1718 1096 1754 Upsalen.
1128 1718 1150 1745 C
1177 1716 1242 1745 420.
1265 1719 1299 1745 Α.
1321 1731 1359 1736 —-
1379 1717 1465 1744 Miss.
1494 1726 1548 1744 ms.

221 1758 362 1784 Sem-ense
393 1765 469 1783 saec.
502 1756 543 1783 15.
573 1757 643 1784 Cod.
672 1757 814 1792 L'psalen.
842 1759 864 1785 C
892 1755 957 1784 427.
985 1758 1018 1784 B.
1046 1772 1083 1775 —
1105 1753 1198 1784 Grad.
1229 1766 1282 1783 ms.
1304 1756 1547 1784 Praedicatorum

220 1797 417 1823 Insulensium
437 1796 585 1827 (Arosiae)
605 1804 681 1822 saec.
704 1794 778 1823 ¹⁵11&
801 1797 872 1824 Cod.
895 1796 1036 1832 Upsalen.
1061 1796 1083 1823 C
1105 1794 1170 1822 5125.
1187 1795 1217 1822 C.
1235 1812 1270 1815 —
1285 1795 1374 1824 Grad.
1390 1795 1548 1823 Suecicum

222 1837 291 1870 imp.
313 1836 450 1861 Lubecae
471 1832 525 1860 149
535 1836 558 1860 '.
583 1835 617 1861 D.
641 1849 675 1853 -—
696 1836 779 1862 MisS.
801 1836 979 1870 Stregnense
1001 1836 1070 1870 imp.
1096 1835 1232 1862 Lnbecae
1256 1833 1339 1862 1487.
1360 1834 1396 1861 Ε.
1413 1849 1450 1853 -
1464 1835 1550 1862 Miss.

221 1874 357 1900 Abnense
380 1875 447 1908 imp.
465 1873 601 1900 Lubecae
625 1872 706 1900 1488.
724 1874 754 1900 F.
771 1889 806 1892 —
821 1875 903 1901 Miss.
922 1874 1086 1909 Upsalense
1112 1875 1182 1909 imp.
1198 1874 1336 1901 Basileae
1362 1871 1443 1901 1513.
1459 1874 1495 1901 G.
1511 1888 1548 1892 —

218 1913 301 1940 Miss.
328 1912 484 1939 Lundense
515 1914 582 1947 imp.
611 1912 735 1939 Parisiis
766 1912 847 1940 1514.
875 1913 913 1939 Η.
938 1928 969 1932 -
994 1913 1077 1939 Miss.
1100 1913 1295 1940 Nidrosiense
1325 1914 1396 1948 imp.
1418 1912 1550 1940 Hafniae

219 1949 302 1978 1519.
323 1952 346 1978 Ι,
369 1966 403 1970 -
426 1950 508 1977 Nach
531 1951 663 1978 Ausweis
691 1951 741 1978 der
763 1952 892 1979 Melodie
912 1952 957 1985 (C)
983 1952 1022 1978 ist
1043 1952 1099 1979 Str.
1129 1951 1141 1978 1
1170 1951 1253 1978 nicht
1283 1953 1313 1979 in
1339 1951 1465 1987 Strophe
1488 1952 1549 1979 und

221 1989 442 2026 Gegenstrophe
463 1998 499 2016 zu
521 1990 664 2024 zerlegen.
688 2005 722 2008 —
749 1989 778 2021 l,
799 1989 818 2017 4
838 1990 976 2018 sollemni
997 1991 1107 2025 gaudio
1130 1991 1166 2018 D.
1186 2005 1224 2008 —
1249 1989 1302 2023 2a,
1325 1989 1343 2019 3
1365 1990 1551 2018 Sublimatur

221 2029 274 2060 P13
297 2029 387 2056 Felici
409 2029 583 2055 commercio
597 2029 663 2056 GH.
679 2043 716 2047 —
737 2028 789 2060 2h,
811 2028 830 2056 2
845 2031 1014 2056 Commutat
1030 2030 1068 2056 H.
1084 2045 1119 2048 —
1140 2027 1198 2061 21),
1221 2027 1238 2057 3
1255 2030 1387 2058 Aetema
1407 2029 1551 2057 caelestia

218 2067 283 2094 GH.
308 2082 342 2086 —-
369 2066 425 2095 3b.
455 2065 473 2093 4
501 2069 597 2101 tangit
617 2068 654 2094 H.
678 2084 714 2087 —
739 2067 796 2101 43,
824 2067 841 2095 3
872 2068 991 2095 fastidio
1014 2069 1048 2094 A.
1071 2084 1106 2088 —
1133 2067 1191 2096 4b.
1223 2068 1235 2095 1
1258 2069 1430 2105 Inspirabat
1451 2069 1490 2096 H.
1512 2083 1550 2087 —-

219 2105 271 2137 4b‚
294 2106 311 2132 ζ).
334 2106 511 2133 Pervolabat
532 2107 563 2138 F,
586 2106 765 2133 Provolabat
788 2108 870 2139 DF1;
893 2107 930 2133 ad
953 2115 1079 2143 superna
1102 2107 1187 2135 CEF.
1204 2124 1238 2127 —
1262 2107 1313 2140 5a,
1334 2105 1354 2134 4
1374 2108 1458 2135 vocis
1473 2108 1496 2135 I.
1515 2121 1549 2125 -

222 2143 283 2175 5b,
310 2144 324 2171 1
351 2147 457 2172 timore
479 2145 586 2172 ABHI.
609 2160 645 2164 —
666 2144 724 2174 Tb.
755 2146 768 2172 l
801 2146 921 2173 amabat
949 2144 1163 2182 praegustabat
1182 2146 1249 2174 GH.
1273 2162 1309 2165 —-
1329 2144 1390 2179 7b,
1417 2144 1435 2173 2
1453 2147 1552 2174 Morte

220 2184 525 2249 l133»rtemnsuperabat
546 2184 611 2211 GH.
635 2199 672 2203 —
694 2183 748 2216 Tb,
776 2183 794 2212 3
815 2188 917 2221 optato
939 2184 1119 2212 vendicabat
1138 2185 1174 2212 G.
1196 2201 1232 2205 —
1254 2183 1311 2218 Sa,
1339 2183 1358 2211 4
1378 2185 1553 2213 lutei-ventu

267 2231 315 2249 era
370 2245 375 2250 .

633 2287 701 2319 303.
744 2288 785 2319 De
807 2289 919 2319 saneta
940 2287 1134 2328 Opportuna.

225 2368 241 2400 1
255 2377 282 2400 a.
315 2366 544 2400 Laetabumlus

319 2416 441 2449 Devote
468 2416 586 2456 psallat
612 2416 665 2448 hic
689 2417 805 2449 chorus

367 2465 452 2497 Voce
478 2474 560 2507 una3

917 2367 983 2403 lb.
1014 2368 1133 2408 Regem
1163 2378 1271 2409 regum

1013 2416 1135 2449 Dilexit
1162 2426 1240 2457 prae
1267 2417 1392 2450 cunctis
1418 2417 1515 2450 rebus

1061 2465 1264 2506 Opportuna.
