1654 2756
693 113 860 150 -216
912 132 957 139 ——

535 209 604 241 236.
639 206 682 239 De
702 217 727 241 s.
753 207 870 240 nolana
890 204 1112 247 Imperatr-icc.

570 281 601 313 1.
627 280 773 313 Helenae
799 279 932 319 reginae
957 278 1070 310 laudes

626 329 775 361 intonent
801 327 988 360 Christiani.

166 411 226 443 2a.
256 408 431 440 Ierusalem
459 406 602 447 advenit,
859 403 922 437 2b.
953 403 1182 436 Constantinus
1208 402 1241 433 in
1269 400 1354 432 bello

264 457 401 496 Lignum
428 456 533 487 crucis
558 454 692 491 invenit,
955 452 1054 492 Signo
1080 450 1185 483 crucis
1212 447 1361 481 mirando

260 505 328 543 Quo
357 503 503 536 Christus
530 502 666 535 redemit
956 500 1011 532 Fit
1038 500 1141 531 victor
1165 498 1198 529 in
1226 506 1336 530 omnes

309 557 507 592 peccatores.
1004 548 1190 580 bellatores.

165 630 225 662 3a.
256 628 317 660 Dic
343 628 445 667 nobis,
474 629 592 669 regina.
860 624 922 657 3b.
956 624 1140 657 Claviculos
1165 627 1265 655 testes

262 677 349 716 Quae
376 677 487 708 vidisti
513 676 647 708 divina?
954 673 1023 705 Hos
1048 672 1156 704 inveni
1185 671 1350 709 caelestes,

263 723 603 765 Sepulcrnmsshristi
630 723 767 755 viventis
954 721 1076 761 Quibus
1101 725 1150 752 est
1176 720 1263 752 cruci
1289 716 1407 750 affixus

310 773 352 804 Et
368 781 493 804 crucem
510 771 576 803 vidi
587 771 795 812 resurgentis.
1005 770 1067 801 Pro
1085 768 1178 800 nobis
1196 769 1286 800 Iesus
1305 764 1492 798 crucifixus.

164 850 226 881 4a.
262 849 467 881 Credendum
493 854 540 880 est
567 849 607 880 de
634 857 728 880 cruce
858 845 922 879 4b.
958 845 1082 877 Scimus
1108 846 1212 886 ipsam
1239 842 1456 876 construxisse

263 897 367 936 Magis
394 897 537 928 Helenae
563 896 681 937 veraci,
955 894 1056 926 Plura
1081 893 1203 933 templa
1228 901 1304 923 vere

262 946 362 984 Quam
391 945 581 976 Iudaeorum
953 942 1001 973 Tu
1027 941 1130 980 nobis,
1158 940 1286 973 Christe

310 992 423 1024 turbae
451 993 609 1025 mendaci.
1000 999 1068 1029 rex,
1095 990 1259 1021 miserere.

242 1069 321 1096 Grad
350 1077 402 1095 ms.
425 1071 453 1095 S.
476 1069 619 1095 Gereonis
647 1069 718 1095 anni
749 1066 830 1095 1424.
853 1066 924 1094 Cod.
948 1066 1024 1093 Mus.
1046 1065 1183 1100 Archiep.
1208 1064 1310 1092 Colon.
1332 1063 1381 1089 VI.
1406 1060 1433 1089 5.
1456 1077 1493 1080 -

167 1106 307 1133 Melodie:
331 1108 519 1134 Victimae
542 1106 738 1143 paschali.

532 1198 597 1229 237.
640 1200 680 1229 De
703 1207 728 1229 s.
751 1198 869 1229 Helena
891 1197 1105 1228 Schedviensi.

169 1270 226 1301 la.
260 1270 345 1300 Voce
373 1269 475 1301 dulcis
503 1269 660 1301 melodiae
858 1268 921 1301 lb.
953 1268 1041 1306 Quae
1066 1273 1140 1307 post
1166 1276 1278 1299 cursus
1302 1266 1396 1298 huius
1422 1265 1493 1296 viae

264 1318 462 1349 Veneremur
487 1318 519 1349 in
545 1319 605 1349 hac
631 1318 683 1349 die
952 1317 1048 1348 Felix
1075 1316 1128 1347 die
1153 1315 1299 1347 theoriae

313 1365 455 1397 Helenae
481 1366 649 1406 sollennia,
1002 1365 1123 1404 Migrat
1149 1364 1192 1395 ad
1218 1363 1350 1395 solacia.

163 1452 182 1483 2
198 1460 226 1482 a.
259 1451 347 1483 Haec
373 1451 529 1492 Rebecca,
558 1450 615 1482 fios
643 1450 779 1489 decoris
857 1450 919 1483 2b.
949 1449 1111 1482 Absoluta
1137 1450 1199 1481 viri
1225 1450 1328 1482 thoris

263 1498 357 1530 Hanc
371 1500 571 1531 commendat
586 1498 704 1539 cordis,
718 1498 795 1540 oriS,
953 1498 1085 1538 Sprevit
1108 1503 1146 1530 ut
1171 1497 1281 1530 Iudith
1308 1497 1428 1530 amoris

308 1548 436 1580 Morum
464 1547 630 1587 pudicitia.
1001 1547 1150 1579 Carnalis
1177 1545 1325 1579 conubia.

167 1634 226 1665 321.
259 1633 423 1665 Martliam
450 1633 583 1673 praebet
611 1643 644 1665 se
673 1633 736 1664 diei
858 1632 919 1665 3b.
952 1632 1034 1664 Dum
1062 1641 1126 1663 non
1149 1630 1238 1663 fovet
1263 1631 1371 1663 hostes
1398 1630 1460 1663 Dei

263 1681 302 1712 Et
329 1681 466 1712 Mariam
494 1682 615 1720 requiei
953 1680 1020 1712 lael
1046 1689 1128 1712 uxor
1153 1684 1185 1710 et
1211 1679 1303 1713 Cinei

311 1729 567 1769 Contemplando
593 1734 738 1768 ternpore
996 1727 1206 1767 -Prophetans
1233 1737 1294 1768 par
1314 1726 1493 1760 Delborae.

167 1815 224 1846 4a.
257 1814 466 1847 Alabastrum
494 1815 719 1846 comminutum
859 1815 922 1846 4b.
955 1813 1076 1846 Caecus
1109 1813 1217 1851 videt.
1254 1818 1285 1844 et
1311 1823 1346 1846 os
1373 1818 1495 1846 mutum

263 1863 426 1903 Fragrans
445 1861 530 1894 fudit
547 1862 611 1893 vim
630 1864 796 1895 virtutum.
955 1861 1113 1903 Loquitur
1137 1863 1179 1894 ad
1207 1863 1275 1894 eius
1301 1867 1424 1902 nutum,

310 1911 354 1944 Ut
381 1911 519 1950 probant
545 1910 718 1949 miracula;
1004 1910 1099 1943 Cedit
1124 1911 1236 1950 leprae
1262 1911 1402 1945 macula.

171 2001 229 2031 ba.
261 1997 288 2030 Ο
314 1998 469 2030 Sueorum
495 1997 664 2039 advocata,
860 1995 921 2029 5b.
953 1997 1022 2030 Fac
1047 2000 1083 2029 nt
1107 1997 1251 2030 Hesther
1278 1999 1414 2041 elevata,

262 2047 362 2079 Posce
389 2046 452 2077 reis
478 2049 513 2076 ut
539 2050 667 2077 sensata
954 2046 1045 2084 Quod
1073 2055 1151 2086 gens
1177 2051 1234 2078 tua
1262 2047 1331 2079 Deo
1357 2052 1451 2087 grata

312 2095 477 2126 Thecuitis
503 2093 660 2136 gratiam3
1002 2095 1168 2127 Mereatur
1194 2096 1342 2135 gloriam.

243 2161 374 2196 Legend,
408 2170 460 2187 ms.
489 2161 644 2188 Laurentii
676 2160 789 2187 Odonis
817 2161 1015 2195 Lincopensis
1042 2168 1119 2187 saec.
1148 2159 1223 2188 ¹⁴l15.
1251 2161 1323 2189 Cod.
1353 2163 1497 2190 Dresden.

167 2200 192 2227 A
216 2199 278 2228 182.
303 2202 336 2226 Α.
360 2215 394 2219 θ
416 2201 500 2226 Miss.
522 2209 576 2226 ms.
597 2199 741 2226 Scarense
763 2207 840 2226 saec.
864 2197 907 2225 15.
927 2198 999 2226 Cod.
1021 2199 1165 2235 Upsalen.
1186 2201 1209 2227 C
1230 2198 1297 2227 427.
1312 2201 1347 2228 B.
1362 2202 1499 2229 —Miss.

167 2248 221 2266 ms.
244 2240 299 2274 Up
296 2239 393 2266 ssalen
381 2247 411 2265 <e
435 2247 510 2265 saec.
534 2237 578 2266 15.
601 2237 671 2266 Cod.
694 2238 836 2274 Upsalen.
872 2237 894 2264 C
915 2234 982 2264 420-
998 2238 1031 2264 C.
1046 2251 1082 2257 -
1099 2238 1158 2274 Seq
1160 2242 1239 2266 nent.
1261 2247 1315 2266 ms.
1329 2240 1499 2268 Praedia-at.

167 2248 365 2306 Insulensium
394 2278 540 2310 (Arosiae)
568 2285 644 2304 saec.
673 2274 1006 2311 ¹⁵l1e.00d.Up.salen
1028 2275 1050 2303 C
1078 2247 1158 2304 315.q
1165 2277 1202 2304 D.
1233 2292 1271 2297 —-
1293 2278 1416 2307 Collect
1443 2288 1497 2307 ms.

170 2317 249 2343 Vads
238 2321 372 2344 stenense
399 2325 476 2344 saec.
509 2315 552 2344 15.
581 2315 652 2344 Cod.
679 2315 728 2352 Up
730 2315 823 2343 salen.
851 2316 874 2344 C
893 2285 949 2343 p23.
977 2314 1011 2341 E.
1045 2331 1078 2335 —-
1104 2316 1189 2343 Miss.
1219 2317 1399 2353 Stregnense
1427 2320 1498 2354 imp.

168 2355 305 2383 Lubecae
339 2353 422 2383 1487.
453 2356 484 2383 F.
510 2370 547 2375 —
575 2356 658 2382 Miss.
686 2354 735 2391 Up
737 2354 854 2383 salense
880 2354 951 2390 imp.
980 2354 1117 2382 Basileae
1146 2353 1229 2383 1513.
1257 2355 1293 2383 (3.
1322 2371 1359 2376 -
1389 2355 1448 2391 lb,
1483 2357 1496 2385 1

169 2403 290 2422 cursum
313 2395 344 2421 F.
363 2409 401 2414 —
423 2394 474 2425 lh
495 2392 513 2421 2
534 2395 598 2422 dies
619 2395 654 2422 A.
668 2408 707 2413 —
728 2392 780 2425 lb,
801 2391 821 2421 3
841 2392 879 2421 ad
899 2393 1042 2421 caelestia
1061 2391 1094 2420 C.
1109 2409 1147 2414 —
1167 2391 1222 2427 21),
1244 2393 1297 2422 28
1299 2397 1447 2432 pernitG.
1463 2411 1501 2415 —

166 2432 226 2465 3a,
255 2432 272 2460 2
293 2433 350 2460 Sed
371 2434 466 2467 EFG;
498 2434 629 2470 requiem
650 2434 684 2461 B.
706 2449 742 2453 —
771 2430 829 2465 3b,
861 2431 874 2460 1
899 2432 972 2460 Cum
994 2431 1026 2460 C.
1047 2447 1086 2452 -
1113 2431 1175 2465 3b,
1203 2433 1221 2460 2
1241 2443 1319 2462 uxor
1340 2438 1387 2463 est
1406 2435 1483 2464 CFG
