1654 2756
676 173 719 178 ——
772 152 842 188 289
891 171 941 178 -—

501 246 563 278 319.
605 248 648 279 De
671 256 695 279 s.
717 247 856 280 Roberto
878 247 915 280 (le
938 247 1016 279 Casa
1038 246 1104 278 Dei.

139 318 200 354 la.
234 317 361 359 Gaude,
390 318 470 352 felix
497 324 530 351 et
556 320 662 360 beata,
846 319 907 353 lb.
939 319 1016 352 Dies
1043 319 1135 352 nobis
1162 323 1212 351 est
1236 318 1366 353 natalis.

235 366 364 408 Gaude,
389 369 498 401 contio
523 374 665 408 sacrata,
940 370 1008 408 Qua
1035 367 1223 400 conscendit
1249 366 1456 407 triumphalis

286 416 412 449 Plaude
438 426 511 449 cum
539 417 683 457 laetitia;
989 417 1092 449 Natus
1121 417 1161 448 de
1186 415 1359 450 Arvernia.

141 505 204 538 22.
235 502 322 536 Dum
349 503 507 536 transiret
531 513 590 544 per
617 504 780 536 desertum
841 503 905 536 2b.
936 503 1119 536 Occurrunt
1145 503 1247 536 multa
1271 503 1412 540 obviam,

238 552 358 594 Mater,
386 553 517 593 peperit
542 552 733 591 Robertum,
939 551 1023 584 Dum
1059 552 1217 591 quaesivit
1244 561 1352 584 veram
1381 552 1476 591 viam,

288 599 452 633 Cultorem
479 600 678 635 solitudinis,
989 600 1108 632 Locum
1140 600 1362 633 beatitudinis.

139 689 202 721 3a.
238 687 399 719 Mammas
426 691 556 728 gustare
582 687 686 718 noluit
845 685 908 719 3b.
942 686 1014 718 Non
1040 691 1162 718 tantum
1191 686 1283 718 lactis
1310 686 1454 727 odorem,

238 735 284 767 Et
311 735 369 766 has
397 735 520 767 lactare
548 736 655 767 renuit
941 736 1099 776 Quantum
1135 735 1286 767 lactantis
1314 736 1480 766 horrorem

290 783 339 817 Ob
365 781 454 816 facta
479 784 678 816 meretricia.
988 783 1159 816 Horrescit
1184 783 1322 816 infamia

141 872 204 904 4a.
236 871 327 903 Inter
354 870 440 902 feras
468 875 498 902 et
527 870 667 903 frutecta
846 870 912 905 4b.
946 870 1009 902 Hic
1023 870 1215 911 contempsit
1231 871 1342 903 mundi
1357 870 1480 911 florem,

242 920 461 960 praeparavit
486 923 575 951 serta
600 923 697 961 tecta,
942 919 1080 959 Magnas
1106 928 1183 958 opes
1210 925 1241 950 et
1268 920 1422 951 honorem

291 968 408 1000 Mundi
434 966 516 1009 fugit
544 976 712 1009 prospera.
991 969 1027 999 ln
1055 972 1162 1000 aetate
1189 973 1308 1000 tenera.

143 1057 205 1089 sa.
240 1055 409 1086 Ieiunabat
437 1058 469 1086 et
495 1055 610 1087 orabat
847 1053 910 1087 5b.
946 1054 987 1086 Se
1013 1055 1169 1086 minorem
1194 1055 1372 1093 iudicabat,

242 1103 284 1135 Et
313 1111 473 1144 pauperes
500 1102 705 1135 sustentabat
941 1103 1026 1142 Quos
1055 1103 1173 1135 virtute
1200 1104 1394 1144 superabat3

289 1151 343 1184 Ad
371 1152 456 1183 vitae
482 1151 639 1184 subsidia.
992 1152 1175 1190 Quaerebat
1201 1152 1345 1185 humilia.

137 1240 158 1272 6
175 1248 205 1271 a.
239 1238 355 1270 Obitus
383 1237 467 1269 diem
495 1237 671 1278 praescivit
843 1236 906 1272 6b.
942 1238 1036 1278 Capit
1064 1238 1185 1270 laboris
1212 1239 1405 1281 mercedem,

239 1286 360 1320 Plenus
388 1286 512 1318 dierum
541 1286 694 1318 dormivit
939 1288 1116 1318 Aeternam
1143 1287 1290 1326 possidet
1316 1288 1426 1319 sedem

288 1337 328 1368 111
354 1344 436 1376 pace
464 1343 535 1366 cum
563 1334 732 1376 patribus,
989 1334 1066 1367 Cum
1094 1336 1244 1375 supernis
1272 1336 1405 1368 civibus.

138 1423 156 1456 7
175 1430 204 1457 a,
236 1422 262 1455 Ο
289 1422 343 1463 pie
369 1426 474 1462 pater,
503 1421 655 1461 Roberte‚
846 1421 905 1455 7b.
940 1422 1008 1454 Nos
1034 1424 1066 1454 in
1094 1424 1214 1455 mundo
1232 1433 1292 1463 per
1311 1425 1475 1456 desertum

238 1471 353 1503 Hostis
379 1470 547 1511 impugnat
573 1474 697 1510 aperte,
938 1472 1112 1511 Agitamur
1138 1472 1167 1503 in
1197 1473 1368 1514 incertum,

284 1519 384 1552 Nulla
410 1524 458 1551 est
485 1518 623 1559 fiducia,
988 1520 1103 1552 Sumus
1130 1521 1161 1552 in
1189 1522 1350 1561 angustia.

215 1597 356 1632 Sequent.
407 1605 460 1623 ms.
515 1596 742 1624 Ravennatense
789 1598 861 1624 anni
910 1594 1085 1624 1535—57.
1131 1597 1202 1624 cod.
1249 1597 1382 1626 Classen.
1424 1597 1482 1627 360

136 1633 215 1669 (139.
238 1635 266 1664 5.
294 1635 333 1670 S).
356 1651 389 1655 —-
415 1634 467 1667 5³,
490 1633 508 1661 2
530 1635 721 1662 sustantabit„
745 1651 780 1655 —
802 1636 860 1663 Str.
883 1634 900 1663 6
921 1645 948 1662 u.
975 1635 990 1663 Τ
1012 1636 1190 1672 umgestellt.

521 1749 590 1780 320.
635 1750 675 1780 De
698 1759 721 1781 s.
743 1749 895 1782 severino
918 1750 1109 1783 Coloniensi.

137 1834 198 1867 la.
228 1833 303 1873 Eia,
331 1835 409 1873 vita,
436 1835 569 1875 veritas,
844 1834 905 1869 lb.
938 1835 1010 1875 Eia,
1039 1845 1120 1877 quae
1147 1835 1289 1869 fidelium

238 1882 325 1922 Tibi,
353 1887 466 1916 sancta
489 1884 631 1922 trinium,
939 1885 1106 1917 Tei-minat
1134 1886 1282 1918 exsilium

286 1931 411 1971 Honor,
438 1932 552 1975 virtus,
580 1933 704 1973 gloria3
988 1935 1025 1966 In
1052 1935 1186 1966 caelesti
1212 1936 1330 1976 patria.

137 2021 202 2053 2a.
234 2019 331 2052 Hanc
357 2019 540 2052 obstrusam
567 2020 773 2060 Agrippinae
839 2021 905 2057 2b.
937 2022 1022 2055 Dum
1040 2032 1100 2063 per
1119 2022 1234 2055 falcem
1255 2024 1361 2055 doxae
1381 2033 1479 2056 sanae

237 2068 372 2110 Pandis,
396 2069 480 2101 alme
507 2069 673 2107 Severine,
937 2071 1061 2104 Saevae
1087 2072 1189 2111 pestis
1216 2072 1378 2104 Arrianae

289 2117 361 2150 Lux
387 2118 430 2150 ab
456 2118 646 2160 Aquitania,
989 2121 1129 2153 Reseras
1157 2122 1289 2154 zizania,

136 2208 200 2241 3a.
231 2204 353 2238 Factus
379 2206 513 2247 praesul
539 2209 605 2239 tam
631 2206 779 2239 sublimis
841 2208 904 2242 3b.
939 2208 1017 2241 Mox
1045 2209 1154 2249 egenis
1182 2213 1214 2240 et
1240 2219 1303 2241 non
1330 2208 1389 2240 tibi

236 2256 306 2289 Pax
333 2255 509 2288 humilibus
536 2261 569 2287 et
594 2257 668 2288 imis
941 2257 1000 2289 Tui
1029 2258 1108 2289 iuris
1137 2258 1184 2289 vis
1211 2258 1332 2290 ascribi

283 2304 436 2345 Sequeris
464 2305 619 2344 humilia3
990 2308 1113 2339 Cuncta
1140 2307 1347 2348 temporalia.

134 2395 196 2427 4a.
229 2393 321 2428 Caeli
348 2393 466 2426 chorus
493 2393 585 2425 audit
608 2393 681 2433 iste,
840 2395 905 2428 4b.
941 2394 985 2427 Et
1012 2395 1142 2426 levitam
1170 2404 1267 2435 prece
1293 2401 1422 2439 purgat,

233 2442 320 2475 Dum
339 2441 519 2475 Martinum
544 2445 611 2483 tua,
640 2442 779 2483 Christe,
939 2443 981 2476 Ut
1010 2443 1051 2475 ad
1079 2445 1180 2476 inclos
1206 2445 1295 2477 istud
1321 2450 1434 2486 surgat

282 2491 410 2524 Ferunt
435 2491 478 2524 ad
505 2491 649 2534 palatia3
989 2492 1068 2525 Eius
1096 2493 1273 2528 audientia.

191 2552 213 2576 B
220 2551 229 2575 1
237 2559 255 2575 u
262 2557 289 2574 m
297 2557 324 2579 e.
343 2550 512 2580 Sequentia
528 2551 655 2575 Ineditae
672 2551 749 2576 vm.
1270 2550 1306 2580 19
