1654 2757
675 179 941 215 —319—

553 274 620 305 355.
663 275 706 306 De
728 283 753 306 s.
774 274 911 316 Virgine
933 274 1083 314 Martyre.

150 354 211 389 la.
242 353 789 398 Regnummundi,nonsummum,
851 356 914 389 1b.
946 355 992 389 Ut
1017 357 1185 397 quiescant
1211 360 1283 396 post
1311 354 1450 393 labores,

247 402 292 436 Ut
319 409 494 444 regnarent
519 405 552 436 in
579 410 758 445 aeternum,
948 404 1112 445 Spernunt
1137 405 1250 445 plagas
1276 408 1308 436 et
1333 407 1474 435 tortores

296 452 513 492 Reliquerunt
539 454 700 494 virgine83
995 453 1039 486 Et
1065 453 1233 485 effundunt
1259 453 1442 493 sanguines,

151 539 212 572 2a.
243 539 298 571 Ad
325 544 488 572 tormenta
513 543 588 572 sunt
614 540 742 572 veloces
852 539 915 572 2b.
947 539 1032 571 Mori
1060 540 1172 571 volunt
1198 540 1244 570 sic
1271 548 1330 579 pro
1356 538 1437 577 Deo,

249 587 319 620 Nec
345 589 523 621 abhorrent
549 594 614 620 tam
641 587 766 619 feroces
950 588 995 621 Ut
1021 588 1169 619 revivant
1195 597 1303 619 coram
1329 596 1377 627 eo,

298 638 423 670 Poenas
450 641 482 668 et
507 636 688 676 suppliciam
999 636 1062 668 Per
1088 645 1182 676 quem
1210 637 1320 668 vivunt
1348 636 1466 667 omnia.

153 725 216 759 3a.
248 723 470 755 'srucidantur
495 732 514 754 a
540 722 701 763 tyrannis,
853 724 872 754 :3
886 722 916 755 b.
949 722 1064 753 Fortes
1091 726 1184 753 erant
1211 726 1286 753 ante
1314 730 1404 762 reges

248 770 328 802 Cum
350 770 409 801 sub
428 771 541 810 paucis
561 775 669 803 essent
686 771 790 810 annis,
951 770 1176 803 Praedicando
1205 770 1327 802 Christi
1355 770 1442 809 leges

295 818 402 850 Flecti
429 823 536 851 tamen
563 823 744 862 nequeunt3
999 818 1121 858 Sponte
1149 827 1270 858 poenas
1297 818 1444 852 subeunt.

153 908 216 940 4a.
249 905 412 945 Quaedam
430 907 615 938 curruntad
626 911 791 939 certamen
855 907 918 939 4b.
951 905 1117 945 Quaedam
1143 913 1220 935 vero
1246 905 1314 936 sine
1342 915 1424 943 rosa,

247 953 443 987 Deferentes
466 955 509 987 ad
536 963 672 987 examen
950 953 1038 986 Alba
1065 957 1198 990 tantum,
1227 953 1285 984 sed
1313 951 1466 991 formosa,

296 1003 415 1036 Rosam
443 1008 540 1044 atque
567 1004 688 1046 lilium3
1002 1001 1097 1033 Venit
1122 1001 1163 1031 ad
1192 1002 1386 1033 convivium.

152 1093 210 1123 5a.
242 1090 349 1122 Albae
363 1090 521 1130 quaedam
533 1099 595 1121 non
606 1089 791 1127 rubescunt,
853 1087 916 1120 5b.
947 1087 1066 1120 Omnes
1093 1087 1249 1126 pulchrae
1274 1087 1323 1118 vel
1343 1087 1493 1128 decorae,

250 1138 364 1179 Neque
390 1142 498 1170 tamen
525 1138 719 1169 erubescunt
950 1135 1013 1166 Sed
1042 1135 1154 1165 maiori
1179 1134 1238 1165 flos
1266 1143 1336 1166 cum
1365 1144 1438 1166 rore

298 1187 413 1219 Coram
440 1186 503 1218 Dei
530 1185 615 1226 fili0;
998 1182 1128 1214 Gaudet
1153 1183 1336 1223 privilegio,

148 1275 210 1306 6³.
243 1272 361 1305 Omnes
376 1272 507 1312 quidem
521 1274 594 1303 sunt
611 1270 790 1311 prudentes
852 1269 917 1302 fib.
949 1269 1101 1308 Quaeque
1128 1267 1206 1299 felix
1234 1275 1265 1299 et
1293 1268 1389 1300 beata

245 1321 291 1353 Et
320 1329 402 1361 quae
429 1320 546 1352 rubent
572 1324 604 1350 et
630 1319 788 1359 albentes,
950 1317 1048 1348 Veste
1076 1317 1161 1348 venit
1189 1316 1347 1348 deaurata

294 1369 394 1401 Nulla
420 1374 509 1401 caret
533 1369 623 1408 ole03
997 1365 1075 1398 Cum
1103 1365 1232 1397 ardenti
1259 1375 1363 1400 ceree.

549 1457 579 1489 7.
608 1456 695 1496 Ergo
723 1454 887 1487 Christum
915 1462 1095 1496 exoremus,

610 1504 655 1537 Ut
682 1513 753 1535 cum
779 1503 846 1535 illis
873 1512 1106 1543 conregnemus

610 1553 654 1585 Et
677 1553 855 1593 gaudentes
883 1552 1081 1583 exsultemus

659 1601 792 1634 Sursum
817 1601 851 1632 in
878 1609 1042 1641 empyreo,

228 1692 312 1718 Miss.
335 1690 566 1727 Engolismeuse
587 1691 658 1726 imp.
680 1689 821 1726 Lugduni
847 1686 930 1715 1524.
952 1702 991 1706 —
1012 1687 1029 1714 ὕ
1039 1689 1065 1721 b,
1087 1686 1105 1715 2
1127 1688 1180 1715 flos
1203 1697 1269 1715 cum
1291 1689 1371 1715 flore.

609 1814 675 1845 356.
719 1814 760 1845 De
782 1813 902 1844 sanctis
924 1813 1046 1844 viduis.

156 1898 219 1930 la.
250 1895 439 1928 Electarum
465 1897 584 1929 merita
859 1896 922 1930 1b.
955 1896 1106 1936 Requirit
1132 1905 1191 1936 per
1215 1896 1353 1936 gratiam

251 1945 381 1977 Recolit
406 1945 544 1977 ecclesia
957 1945 1025 1978 Nos
1051 1946 1093 1977 ad
1120 1944 1313 1977 fidelitatem

254 1994 334 2027 Suos
362 1994 520 2026 salutaria
957 1994 1079 2026 Christi
1107 1994 1187 2025 dans
1214 1994 1247 2025 in
1275 1994 1380 2033 gratia

252 2042 382 2075 Docens
408 2043 494 2075 vitae
522 2044 659 2082 monita3
957 2043 1242 2075 Familiaritatem.

157 2135 219 2167 2a.
252 2130 400 2171 Reliquit
426 2130 506 2162 haec
533 2129 654 2163 femina
862 2131 927 2164 2b.
961 2130 1146 2162 substravit
1174 2130 1325 2170 cilicium,

255 2180 371 2215 Carnis
400 2180 576 2219 desideria,
961 2180 1051 2211 Tulit
1078 2188 1172 2210 omne
1200 2180 1327 2219 vitium,

256 2229 353 2270 Cepit
378 2232 501 2261 vestem
529 2228 711 2270 lugubrem,
961 2229 1021 2262 Cui
1048 2228 1252 2260 stillicidium

258 2281 366 2320 Super
392 2282 491 2318 caput
518 2279 671 2311 cinerem.
963 2277 1060 2309 Venit
1087 2285 1146 2316 per
1173 2277 1374 2310 crucifixum.

158 2369 220 2402 3a.
249 2367 339 2409 Ergo
364 2366 578 2408 paenitentia,
864 2365 928 2399 3b.
961 2364 1040 2396 Cum
1068 2364 1305 2397 benedictionis

253 2417 417 2449 Altissimi
444 2415 522 2460 filia,
962 2414 1058 2446 Hauc
1084 2423 1168 2454 pane
1195 2415 1355 2446 saturavit

254 2466 355 2507 Virgo
381 2475 512 2506 semper
538 2464 696 2506 modesta,
961 2462 1006 2494 Et
1032 2463 1286 2503 incorruptionis

256 2514 393 2556 Ridens,
421 2516 592 2553 solacium,
963 2512 1047 2544 Potu
1073 2510 1281 2546 refocillavit.
