1654 2756
702 135 945 171 -94-

615 260 661 291 87.
695 259 738 290 De
759 258 860 290 Beata
878 256 981 289 Baria
1000 256 1037 288 V.

543 351 575 385 1.
601 353 684 391 Ave,
711 351 829 394 Maria,

602 401 685 440 Ave,
711 408 730 431 o
756 399 829 440 pia;

605 448 714 489 Salve,
739 448 837 488 plena
862 446 979 488 gratia,

606 495 731 537 Gaude,
761 496 884 528 donans
909 493 1037 535 gaudia.

926 580 1093 614 Mamillas
1117 580 1253 612 ostende

926 629 971 661 Et
996 637 1110 661 manus
1136 628 1286 669 expande

979 677 1040 709 Pro
1049 675 1144 708 nobis
1152 676 1196 708 ad
1202 676 1355 708 thronum
1361 674 1497 715 gratiae.

930 764 1031 804 Surge
1059 773 1120 804 pro
1146 763 1238 795 nobis
1265 759 1437 806 [propere]

926 812 971 844 Et
996 811 1098 844 filium
1125 811 1334 852 amplectere.

929 900 978 931 Tu
1001 899 1071 931 sola
1095 899 1203 930 salvas
1228 898 1336 930 omnia

928 947 1105 979 Gehennae
1131 946 1265 979 trahens
1291 945 1407 986 spolia.

928 1036 1032 1068 Tuum
1059 1043 1174 1066 nomen
1202 1038 1250 1065 est
1276 1041 1386 1074 suave,

930 1084 993 1116 Per
1028 1082 1114 1123 quod
1139 1082 1252 1113 mundi
1279 1081 1364 1112 vecti
1389 1089 1472 1112 nave

977 1131 1131 1163 Evadunt
1155 1129 1370 1170 naufragium.

929 1218 978 1250 Tu
1003 1218 1139 1257 portasti
1167 1217 1271 1249 Deum
1298 1221 1422 1255 ventre,

930 1266 1008 1305 Fac,
1036 1270 1201 1305 portemus
1227 1269 1259 1296 et
1285 1274 1343 1296 nos
1365 1268 1472 1296 mente

981 1313 1218 1346 Chaldaeorum
1228 1321 1342 1354 pressa
1349 1311 1490 1345 flamma.

933 1401 1035 1432 Nobis
1063 1401 1152 1432 caelo
1177 1401 1375 1441 praeposita,

933 1449 1035 1480 Nobis
1060 1450 1193 1490 gignens
1221 1454 1251 1480 et
1274 1449 1394 1489 genita,

980 1497 1083 1529 Nobis
1109 1498 1151 1529 sit
1177 1498 1263 1529 vitae
1289 1498 1408 1536 aditus,

1031 1547 1138 1578 Mater
1163 1547 1227 1586 pia.

936 1634 977 1665 Et
1005 1643 1062 1665 nos
1089 1637 1194 1664 tecum
1221 1633 1430 1674 gaudeamus,

933 1682 991 1721 Qui
1017 1681 1189 1722 gaudendo
1214 1681 1452 1721 proclamamus

982 1730 1028 1761 Te
1038 1739 1166 1770 semper
1174 1730 1329 1761 intactam
1339 1734 1475 1762 matrem

1031 1778 1259 1811 hominis-Dei.

168 584 231 615 2a.
257 582 306 614 Tu
333 581 470 623 hymnus
495 583 666 625 caelorum,
839 581 900 615 2b.

256 631 380 662 Luctus
406 630 616 671 infernorum,

306 678 387 718 Spes
405 680 529 712 cunctis
543 679 797 712 misericordiae.

172 766 231 798 3³.
260 765 341 805 Spes
367 767 506 798 omnium
533 776 592 808 pro
619 765 777 805 omnibus,
841 764 902 798 3b.

261 813 383 845 Christi
408 814 583 854 procumbe
609 814 767 855 pedibus3

173 902 236 933 4a.
261 900 378 931 Nullus
404 901 451 932 tui
476 901 631 933 memoria
840 899 901 933 4b.

260 947 405 979 Fervens
433 947 604 981 fraudatur
630 949 750 989 gloria3

176 1038 236 1069 5a.
263 1036 347 1068 Reos
374 1037 478 1068 salvat
505 1041 593 1068 tuum
619 1036 698 1074 Ace,
842 1035 901 1068 5b.

263 1083 390 1115 Sanctis
417 1089 552 1126 gratum,
581 1084 665 1116 hosti
692 1093 800 1124 grave,

311 1131 435 1165 Mundo
461 1133 689 1164 necessarium.

178 1220 239 1250 6³.
267 1217 370 1250 Deum
395 1227 515 1261 verum,
542 1219 649 1250 lumen
668 1227 801 1259 merum,
841 1218 900 1252 6b.

263 1265 388 1298 Mundo
413 1267 468 1298 isti
493 1272 527 1298 tu
554 1266 680 1307 fudisti,

315 1314 364 1345 Tu
388 1313 519 1348 lactasti
545 1324 637 1347 sacra
655 1325 803 1348 mamma.

179 1402 196 1433 7
211 1410 239 1434 a.
267 1401 384 1439 Maria,
411 1403 514 1443 patris
539 1403 665 1443 solium,
846 1400 904 1433 7b.

265 1449 381 1486 Maria,
411 1451 531 1483 Christi
557 1452 674 1482 ostium

314 1497 355 1528 Et
372 1499 526 1538 templum
541 1500 645 1530 sancti
659 1499 803 1541 spiritus,

361 1546 387 1578 O
414 1547 531 1579 Maria.

179 1634 198 1666 8
213 1642 240 1666 a.
270 1631 395 1664 Gaude.
411 1633 524 1675 gaude,
541 1643 614 1673 spes
629 1638 802 1668 errantum.
845 1634 864 1665 8
877 1633 909 1666 b.

265 1680 356 1718 Quod
370 1686 480 1712 natum
495 1688 594 1712 estex
606 1687 637 1712 te
647 1686 803 1721 sanctum.

316 1728 466 1769 Vocatur,
494 1730 605 1769 scitur,
633 1730 778 1762 creditur

363 1775 449 1808 filius
475 1777 545 1810 Dei.

552 1866 583 1898 9.
613 1864 692 1896 Cum
720 1865 873 1897 Gabriele
899 1867 1004 1898 omnia

617 1913 663 1944 Te
691 1914 832 1945 salutant
859 1912 1059 1959 clamantiazj

662 1963 746 2001 Ave
773 1971 792 1994 o
816 1962 934 1996 Maria.

249 2047 385 2074 Oration.
406 2055 459 2074 ms.
481 2047 629 2075 Gallicum
652 2055 728 2074 saec.
751 2045 794 2074 15.
831 2047 899 2075 Cod.
922 2050 1038 2085 Hagen.
1060 2051 1112 2078 AA
1135 2049 1200 2078 175.
1220 2066 1259 2070 —
1279 2048 1332 2082 21)
1354 2048 1373 2078 3
1393 2053 1508 2088 gratiae

170 2086 254 2152 ἓξὲξ
272 2083 385 2151 {gig-b,
408 2083 426 2112 2
445 2085 486 2113 Et
510 2085 591 2113 fehlt
615 2100 651 2104 -—
673 2085 726 2120 5a7
748 2083 766 2112 2
793 2086 898 2114 hostis.
918 2102 955 2106 —
977 2087 1026 2120 63,
1051 2088 1065 2115 1
1093 2089 1193 2117 lumen
1220 2098 1333 2118 verum.
1354 2105 1391 2109 —
1393 2061 1468 2123 g‚7b
1490 2088 1509 2118 3

631 2219 678 2250 88.
710 2219 752 2250 De
774 2217 873 2249 Beata
894 2219 993 2250 Maria
1015 2220 1051 2250 V.

606 2312 637 2344 1.
672 2310 776 2343 Rosae
801 2310 1037 2350 pulchritudini

715 2358 819 2391 Recte
846 2363 1034 2399 comparata

673 2407 755 2440 Tota
780 2407 917 2447 pulchra
942 2407 1073 2439 Domini

718 2456 828 2488 Mater
853 2460 901 2488 est
927 2455 1023 2490 beata
