1654 2756
202 285 265 319 aa.

206 739 271 771 4a.

749 190 1008 226 —197—

301 285 484 330 Elisabeth,

301 335 489 377 Hungariae
515 337 626 378 regina

302 383 432 424 pollens
460 386 606 426 caelique

302 432 473 472 sapientia,

303 489 385 522 quae
411 481 536 516 Christi
563 482 674 522 sponsi

304 530 437 568 cupiens

303 578 452 617 copulam
477 578 599 610 terreni

307 626 418 666 sponsi
445 622 681 670 declin[ab]at;

308 738 345 770 In
373 738 505 769 caelesti
531 739 658 771 aerario

303 785 438 818 mirifice
465 787 624 819 collacata

306 831 384 878 [est]
411 835 493 867 haec
520 835 740 875 nobilissima3

913 290 934 323 3
944 299 974 322 a.
1001 288 1169 322 Generosa

916 740 983 774 4b.

1009 341 1104 378 atque
1131 336 1215 379 regis
1243 336 1318 375 filia,

1005 387 1109 419 maior
1136 385 1257 419 Christi
1281 394 1375 426 quam

1007 435 1067 467 viri
1095 435 1209 476 gloria,

1009 484 1181 515 caelestem
1208 491 1361 523 sponsum

1007 531 1141 572 gerebat

1007 579 1234 611 absconditum
1261 578 1368 612 cordis

1011 632 1043 659 et
1068 629 1185 660 mentis
1211 627 1326 668 gratia.

1016 739 1204 772 sanctitatis
1231 738 1426 779 praenuntia

1010 787 1142 820 duriore
1167 790 1272 820 artum
1299 787 1407 827 iugum

1012 836 1186 876 disciplina
1212 835 1392 875 premebat.

206 948 266 980 5a.
304 947 373 979 Viri
399 947 449 979 sui
475 947 624 980 absentia
917 948 979 982 5b.
1015 949 1118 980 Lucet
1144 949 1176 980 in
1204 948 1271 980 eius
1299 948 1407 979 anima

304 995 524 1035 dispensatrix
551 995 690 1036 provida
1010 997 1114 1038 pietas
1141 997 1276 1029 eximia:

302 1043 474 1076 Elisabeth
500 1044 650 1085 benigna,
1012 1046 1059 1076 sic
1084 1044 1183 1076 vidua
1208 1044 1355 1083 honesta,

304 1095 433 1133 gestans
461 1092 515 1131 pia
541 1092 666 1126 viscera
1012 1101 1093 1133 quae
1119 1093 1285 1133 oppressis
1311 1091 1502 1132 impendens

306 1137 392 1184 [px-o}
419 1149 599 1181 pauperum
625 1142 754 1183 inopia3
1010 1145 1158 1173 materna
1183 1140 1351 1172 beneficia.

209 1253 270 1286 Ga.
307 1252 429 1284 Videns
455 1261 547 1285 suum
574 1253 682 1286 Iesum
707 1253 835 1285 dulcem
913 1254 978 1287 fib.
1019 1253 1075 1296 „O,
1103 1252 1131 1284 si
1157 1256 1192 1284 tu
1219 1252 1268 1283 vis
1295 1261 1365 1283 esse
1392 1260 1530 1291 mecum,

304 1301 429 1333 caelum
456 1301 719 1342 patefacientem,
1011 1310 1069 1341 ego
1096 1309 1224 1341 semper
1251 1309 1306 1333 ero
1333 1304 1439 1332 tecum

306 1349 370 1381 sibi
395 1349 536 1382 lenimen
563 1350 743 1382 dicentem:
1010 1359 1174 1389 nunquam
1201 1358 1219 1381 a
1245 1354 1278 1380 te
1305 1349 1515 1389 separabor.“

206 1463 265 1495 7a.
303 1462 396 1495 Haeo
421 1463 533 1503 regina
559 1463 706 1506 nobilis‚5
917 1463 980 1498 7b,
1015 1462 1167 1501 Humilis,
1195 1462 1356 1500 amabilis,

306 1511 468 1546 medicina
496 1511 628 1554 doloris,
1014 1520 1089 1543 vera
1115 1520 1190 1550 spes
1217 1514 1265 1541 est
1293 1510 1418 1542 miseris

305 1560 412 1592 oleum
439 1559 611 1601 unctionis,
1013 1557 1074 1603 [et]
1100 1559 1273 1591 thesaurus
1301 1558 1466 1599 pauperis.

208 1672 267 1704 851.
303 1673 393 1712 Quae
425 1672 466 1704 de
491 1671 590 1704 terris
623 1676 670 1705 est
696 1673 856 1706 translata
918 1672 981 1706 eb.
1008 1671 1075 1706 Ubi
1101 1681 1194 1703 suum
1220 1671 1406 1711 amplexata

303 1726 335 1753 et
360 1730 380 1752 a
406 1721 475 1754 Deo
501 1721 565 1753 iam
592 1724 708 1754 vocata
1014 1721 1119 1752 Iesum
1148 1720 1274 1752 dulcem
1302 1719 1371 1751 sine
1398 1729 1488 1751 mora

301 1769 428 1803 Christi
453 1769 497 1802 ad
521 1779 622 1811 regna
1015 1770 1152 1801 laudans
1179 1778 1252 1800 cum
1279 1777 1356 1800 vera

303 1818 466 1861 caelestia,
1012 1818 1148 1851 laetitia.

207 1933 268 1966 92.
307 1931 497 1964 MiSeratrix
524 1933 725 1970 miserorum,
913 1931 975 1964 9b.
1013 1930 1271 1971 Contemplatrix
1301 1930 1494 1969 divinorum,

306 1981 507 2013 consolatrix
533 1981 754 2014 desolatorum

306 2038 383 2062 vera
408 2033 514 2062 mater
540 2034 574 2062 tu
600 2031 832 2071 orphanorum,

301 2079 506 2119 amatrixque

354 2127 416 2160 Dei
442 2131 704 2170 praeceptorum,

1010 1980 1088 2013 audi
1122 1983 1154 2010 te
1181 1979 1385 2011 laudantium
1412 1978 1557 2019 chorum,

1012 2029 1074 2061 duc
1092 2038 1149 2061 nos
1168 2027 1210 2060 ad
1229 2026 1313 2061 festa
1333 2036 1558 2067 supernorum,

1009 2087 1072 2120 quo
1099 2077 1277 2117 psallamus

1061 2126 1129 2166 regi
1156 2125 1369 2159 saeculorum.

284 2247 403 2275 Prosar.
438 2255 491 2274 ms.
525 2246 554 2274 S.
582 2247 706 2283 Georgii
736 2245 936 2282 Villingensis
968 2253 1045 2272 saec.
1076 2242 1119 2270 15.
1147 2242 1218 2270 Cod.
1248 2242 1458 2270 Carolsruhan.
1486 2244 1560 2270 (leo.

200 2285 228 2315 3.
259 2301 293 2306 -
313 2285 374 2318 2b,
409 2285 422 2314 1
447 2287 509 2315 Das
536 2287 690 2314 virtutum.
711 2300 748 2304 —
770 2283 830 2318 3b,
860 2283 878 2312 2
899 2288 928 2311 et
950 2285 1038 2320 regis.
1063 2298 1096 2301 —
1118 2281 1176 2313 4b,
1207 2280 1219 2308 1
1243 2282 1414 2309 sanctitatis
1437 2283 1560 2319 eiusque

206 2336 250 2364 pr.
272 2341 309 2345 —
330 2325 394 2359 4b,
419 2323 437 2353 2
460 2325 572 2354 duriori
595 2328 697 2354 artem.
724 2339 758 2344 —
779 2322 835 2359 4b,
857 2322 875 2351 3
896 2322 1084 2359 disciplinae.
1107 2335 1143 2339 —
1167 2320 1221 2352 δὴ,
1245 2319 1259 2348 1
1277 2321 1327 2348 Sic
1349 2322 1388 2348 in.
1411 2336 1447 2341 -
1470 2321 1521 2355 δὴ,
1543 2319 1561 2348 3

208 2367 251 2394 sic
272 2365 356 2393 fehlt.
381 2380 418 2385 —
439 2363 494 2398 6³,
515 2363 534 2392 2
555 2373 600 2400 sq.
621 2364 737 2393 eaelum
759 2363 818 2391 sibi
839 2365 991 2399 patentem
1012 2361 1182 2389 lenimenta.
1205 2374 1243 2377 —
1264 2358 1315 2393 Sa,
1338 2357 1356 2387 3
1378 2361 1508 2388 Christo.
1524 2377 1562 2380 —

203 2403 267 2437 9³,
301 2403 320 2432 2
352 2414 365 2434 s
391 2426 395 2431 .
428 2405 614 2433 consolatrix
645 2403 849 2439 orphanorum
879 2410 951 2429 vera
979 2404 1072 2428 mater
1100 2408 1273 2436 pauperum.
1304 2415 1339 2419 —
1368 2397 1427 2433 92,
1459 2399 1477 2428 4
1503 2409 1559 2438 que

206 2444 289 2473 fehlt.
312 2459 350 2464 —
403 2444 436 2478 b,
464 2441 482 2470 2
512 2444 636 2472 chorum
662 2442 744 2471 fehlt.
769 2458 806 2462 —
828 2441 996 2477 Rhythmus
1019 2440 1079 2468 und
1106 2440 1190 2467 Reim
1212 2438 1339 2476 dringen
1365 2439 1457 2467 sehon
1478 2440 1563 2468 stark

209 2483 318 2516 durch,
347 2483 408 2512 und
437 2493 470 2511 so
498 2483 594 2512 bildet
621 2480 820 2510 vorstehende
843 2479 979 2516 Sequenz
1010 2480 1057 2506 ein
1079 2478 1195 2506 Muster
1224 2478 1275 2506 des
1297 2473 1562 2517 Ubergangsstiles

209 2532 271 2552 von
291 2522 349 2551 den
369 2524 436 2550 rein
458 2522 708 2558 symmetrischen
728 2521 844 2549 Prosen
865 2529 903 2547 zu
922 2519 980 2547 den
1001 2518 1227 2554 rhythmisehen
1248 2518 1309 2546 und
1329 2520 1503 2554 gereimten.
