1654 2756
735 170 781 175 —-
832 150 902 185 246
953 168 995 174 —

203 253 245 285 12
258 261 287 284 a.
319 251 375 290 Te,
400 251 454 291 qui
477 249 566 290 large
594 249 788 291 dispersisti,
898 247 985 282 1212.
1016 246 1068 279 Ab
1096 245 1208 287 ignitis
1235 248 1269 278 et
1295 254 1314 277 a
1340 243 1454 287 poenis

321 299 428 332 Minas
455 298 620 330 caessaris
647 297 760 339 risisti,
1017 295 1111 328 Hanc
1125 303 1298 327 conserves
1319 293 1535 333 etathreuis,

322 347 409 388 Ignis
434 347 587 387 impetum
615 346 731 378 subisti
1017 344 1061 377 Et
1088 353 1159 376 cum
1188 343 1334 376 coetibus
1360 342 1505 376 amoenis

323 395 370 428 Ob
398 404 539 427 amorem
568 394 641 426 Iesu
669 394 804 435 Christi,
957 419 959 421 .
1018 393 1155 425 Gaudiis
1182 395 1368 425 sanctorum
1394 390 1502 432 pieriis

370 443 477 475 Poscit
504 443 584 475 haec
610 443 792 483 plebecula,
1066 443 1134 474 Fae
1160 449 1231 473 esse
1257 450 1317 481 per
1343 440 1484 474 saecula.

278 538 358 566 Orat.
387 542 415 566 et
437 540 577 574 Sequent.
604 548 655 566 ms.
679 538 843 574 Campense
872 538 943 565 anni
967 535 1049 565 1462.
1072 537 1142 565 Cod.
1165 537 1386 565 Darmstadien.
1408 534 1474 564 521.
1497 552 1534 556 —

201 574 262 609 33,
295 576 306 603 1
331 578 398 611 Qui.
421 593 457 596 —
480 577 540 610 41),
564 576 576 605 1
601 577 691 604 Gaza.
714 592 749 596 -—
770 575 831 610 4b,
859 574 877 603 2
899 577 946 603 sit.
969 591 1005 595 —-
1030 575 1104 609 llb,
1135 575 1154 603 4
1175 585 1282 603 exuere
1304 577 1463 612 corrigiert
1483 576 1532 603 in:

201 624 330 643 exurere.
355 630 388 634 -
415 614 483 650 1212,
504 615 523 643 4
546 616 672 644 Civibus
694 619 872 642 sanctorum.
895 630 931 634 ’-
953 615 1082 642 Melodie
1105 614 1195 643 wohl:
1218 615 1347 643 Lauda
1368 615 1468 642 Sion.

615 748 674 778 271.
717 747 759 778 De
780 748 890 779 sancto
912 747 1109 779 Leonhardo.

205 838 262 870 13.
296 837 445 869 Gloriose
472 838 652 873 Leonarde,
896 838 956 871 lb.
989 838 1037 870 Tu
1064 847 1191 870 reorum
1218 839 1292 879 pius
1318 839 1379 882 leo,

297 885 420 917 Mundo
447 886 508 925 leo,
537 886 627 918 caelo
653 886 755 918 narde
991 886 1040 918 Tu
1064 891 1249 919 sanctorum
1276 896 1383 920 coram
1411 888 1482 920 Deo

345 934 426 965 Bina
452 943 511 975 per
537 934 675 973 indicia3
1039 934 1170 966 Nardus
1197 934 1347 976 fragrans
1373 936 1492 969 dulcia.

202 1030 263 1061 2a.
295 1029 496 1061 Adulescens
520 1029 631 1061 mundi
658 1039 751 1070 vana,
894 1031 957 1064 2b.
990 1031 1038 1062 Tu
1065 1031 1210 1071 reginam
1238 1032 1365 1064 tristem
1389 1033 1474 1064 mole

296 1077 419 1117 Regum
447 1077 536 1109 aulas
563 1081 594 1109 et
620 1087 738 1111 arcana
990 1079 1106 1111 Partus
1133 1080 1232 1112 solvis
1257 1080 1347 1113 salva
1373 1082 1465 1121 prole

347 1125 514 1166 Respuens
541 1126 685 1166 consilia,
1037 1128 1230 1160 Meritorum
1258 1129 1374 1169 gratia.

203 1222 264 1253 33.
297 1221 354 1253 Pie
380 1221 441 1262 leo,
469 1225 651 1253 carceratos
894 1223 956 1256 3b.
987 1223 1100 1255 Dulcis
1129 1224 1243 1263 narde,
1270 1226 1476 1265 paenitentes

297 1268 455 1300 Absolute
480 1269 635 1301 liberatos
990 1271 1063 1303 Tibi
1090 1281 1172 1312 puro
1199 1274 1298 1305 corde
1325 1272 1439 1305 flentes

344 1316 444 1356 Rapis
469 1317 510 1348 ad
538 1318 698 1355 remedia:
1037 1320 1154 1352 Trahis
1181 1321 1221 1353 ab
1247 1323 1407 1362 angustia.

200 1411 260 1444 411.
294 1411 360 1443 Leo
387 1413 502 1452 spiras,
530 1414 632 1445 narde
659 1413 798 1458 fragras,
892 1415 955 1449 4b.
987 1416 1065 1454 Leo,
1094 1417 1193 1448 solvis
1219 1427 1238 1450 a
1266 1420 1400 1459 catenis,

295 1459 379 1509 Dum
405 1470 564 1501 pergyras
591 1466 623 1492 et
649 1472 804 1504 peragras
987 1464 1031 1496 Et
1057 1469 1101 1507 tu,
1129 1466 1242 1508 narde,
1271 1467 1357 1509 linis,
1387 1468 1469 1500 lenis

345 1509 516 1540 Car-cerum
543 1511 733 1549 penetralia.
1036 1513 1162 1553 Lapsos
1190 1515 1223 1546 in
1249 1516 1421 1548 sententia.

199 1605 257 1634 53.
292 1605 416 1645 Aegros
443 1614 557 1647 sanaS‚
585 1604 686 1638 fortes
711 1608 829 1648 salvas,
891 1608 954 1642 5b.
986 1610 1181 1642 Catenarum
1210 1609 1409 1645 ferramenta

294 1651 460 1692 Trangeus
480 1652 577 1693 form,
601 1663 701 1693 seras,
719 1657 830 1688 valvas
987 1657 1191 1698 sempiterna
1219 1662 1414 1694 testamenta

341 1699 507 1740 Stupenda
532 1703 695 1742 potentia3
1034 1706 1171 1738 Manent
1193 1707 1227 1738 in
1253 1710 1403 1743 ecclesia.

198 1796 258 1827 6a.
291 1795 317 1826 Ο
344 1796 506 1835 lapsorum
533 1797 731 1838 sublevator.
891 1802 952 1835 6b.
987 1801 1094 1839 Solve,
1122 1803 1237 1844 victor,
1265 1806 1371 1839 vincla
1397 1809 1461 1840 reis

291 1843 316 1875 Ο
344 1852 471 1875 reorum
499 1844 664 1888 liberator,
986 1850 1028 1882 Et
1056 1851 1170 1883 solutis
1196 1853 1229 1885 in
1256 1856 1399 1896 tropaeis

343 1892 426 1923 Reos
454 1893 646 1933 reconcilia;
1035 1899 1155 1931 Locum
1185 1901 1242 1934 des
1269 1904 1309 1936 ad
1337 1905 1467 1945 gaudia.

251 1987 417 2053 Gb'beqtgiegt.t
432 1997 484 2015 ms.
507 1989 734 2017 Ravennatense
756 1993 825 2018 anni
850 1990 1007 2021 1585-87.
1032 1995 1102 2022 Cod.
1120 1996 1253 2026 Classen.
1276 1998 1333 2028 360
1348 2000 1426 2033 (139.
1441 2001 1468 2030 5.
1485 2002 1525 2037 S).

194 2039 228 2042 —
302 2046 307 2057 ,
389 2035 403 2053 e
420 2047 426 2052 .

654 2132 721 2163 272.
763 2133 805 2164 De
827 2138 934 2166 sancto
957 2137 1060 2169 Lucio.

695 2224 726 2257 1.
755 2224 877 2257 Psallat
904 2231 1014 2259 nostro

756 2272 871 2305 chorus
898 2279 1008 2307 noster
1035 2277 1145 2320 Lucio,

192 2364 253 2396 2a.
285 2364 384 2402 Quem
411 2365 512 2399 Roma
535 2371 640 2400 mater
665 2368 786 2409 genuit,
885 2371 948 2405 2b.
981 2373 1072 2406 Haec
1099 2375 1185 2409 circa
1212 2387 1309 2418 posse
1335 2381 1461 2421 profuit

286 2411 445 2453 Magistra
471 2415 574 2456 legem
601 2417 711 2449 docuit
981 2421 1021 2454 Ei
1046 2432 1081 2455 se
1107 2424 1183 2457 dum
1210 2430 1379 2469 supposuit
1465 2411 1472 2426 ’

335 2461 486 2495 Divinam
513 2468 543 2496 et
571 2465 753 2499 humanam.
806 2504 809 2507 ,
1028 2471 1071 2504 Et
1105 2474 1295 2509 cathedram
1330 2479 1521 2519 Romanam.
