1654 2756
632 148 802 184 —259
857 169 899 174 -

119 248 178 282 78.
210 247 408 281 Miserorum
431 248 618 283 consolator
829 247 889 282 7b.
925 248 1006 280 Tres
1034 248 1076 281 ad
1104 248 1202 282 vitam
1232 249 1409 289 revocavit,

266 297 324 330 dat
348 297 480 339 leproso
506 297 715 336 medicinam,
977 298 1174 330 removendo
1202 297 1392 331 Libitinam.

121 393 180 426 ea.
214 392 369 427 Sanctum
395 404 477 436 opus
504 395 703 435 declaratur,
829 394 894 429 gb.
929 395 1214 438 NamMartinum,
1232 400 1380 429 sanctum
1396 405 1453 436 pa-

263 443 367 476 virtus
395 448 486 485 patet
512 444 652 483 caelica,
1241 448 1336 483 trem,

977 491 1057 524 facit
1082 492 1159 526 urbs
1186 493 1358 526 Turonica.

120 591 180 623 9a.
212 588 272 622 Cui
298 590 378 622 satis
404 590 531 623 utiliter
831 589 895 624 9b,
928 590 1038 622 Arbor
1064 590 1132 622 alta
1158 599 1263 632 paene
1288 593 1389 622 totum

267 638 303 670 in
331 638 481 672 doctrina
505 638 662 680 praefuit,
981 638 1134 670 contrivit
1159 638 1359 679 pontificem,

219 687 266 720 Ut
291 690 457 728 gestorum
481 697 540 720 nos
567 697 699 721 suorum
930 688 992 727 Qui
1010 696 1187 728 praesagus
1207 687 1335 727 signum
1349 687 1455 719 erucis

268 737 369 768 series
397 737 538 771 edocuit.
979 736 1159 776 interponit
1186 736 1322 768 obicem.

106 833 188 866 loa.
222 832 346 866 Globus
381 838 489 866 autem
516 843 615 874 super
640 834 747 874 ipsum
811 833 896 867 lob.
928 832 972 865 Et
999 832 1059 864 hoc
1085 833 1202 876 ipsum,
1231 842 1270 864 ne
1298 831 1407 865 futuro

272 882 446 914 videbatur
471 883 596 924 igneus,
980 881 1142 914 celaretur
1167 882 1306 922 saeculo,

222 929 309 962 Dum
334 930 467 963 offerret
492 935 731 964 sacramentum
932 929 1109 963 Revelatur
1135 935 1168 962 et
1194 930 1313 962 astanti

274 979 424 1012 minister
449 979 606 1019 idoneus3
982 977 1170 1010 declaratur
1195 979 1325 1018 populo.

108 1075 150 1109 11
166 1084 196 1108 a.
229 1075 273 1108 Ut
298 1076 404 1108 labori
430 1076 525 1108 finem
552 1079 653 1117 ponat
813 1076 854 1109 11
871 1075 901 1107 b.
934 1074 1030 1106 Hunc
1057 1073 1184 1111 invitat,
1212 1074 1267 1114 qui
1297 1076 1428 1105 coronat

277 1127 493 1164 percepturus
518 1123 680 1163 bravium,
984 1122 1089 1153 exitus
1115 1120 1273 1153 fidelium.

178 1219 269 1249 Grad.
292 1228 346 1246 ms.
370 1219 544 1247 Sedunense
567 1227 643 1246 saec.
669 1217 712 1246 13.
737 1218 808 1246 Cod.
831 1218 927 1253 Capit.
951 1215 1099 1243 Sedunen.
1122 1224 1145 1242 s,
1168 1225 1195 1242 11.
1213 1216 1248 1242 A.
1265 1231 1301 1235 —-
1316 1215 1457 1250 Sequent-

103 1267 156 1286 ms.
179 1257 330 1286 Sedunese
350 1266 428 1286 saec-
454 1255 526 1285 ¹³l1⁴.
549 1257 620 1285 Cod.
644 1256 741 1294 Capit.
765 1256 912 1284 Sedunen.
936 1263 959 1281 s.
982 1264 1010 1281 n.
1034 1256 1066 1281 B.
1083 1269 1120 1273 —
1138 1253 1189 1285 la,
1215 1254 1227 1281 1
1246 1253 1370 1281 Scheint
1391 1256 1457 1281 eine

101 1296 185 1325 Silbe
206 1306 243 1324 zu
263 1296 372 1325 fehlen.
396 1311 430 1316 -
454 1295 506 1330 3a,
532 1295 545 1323 1
569 1297 682 1324 Laetus
704 1298 807 1323 noster
828 1294 889 1322 AB.
911 1308 949 1313 --
970 1291 1021 1327 9a,
1045 1291 1063 1320 3
1085 1293 1122 1320 In
1143 1296 1305 1327 gestorum.

553 1420 625 1452 288.
667 1419 712 1451 De
733 1420 842 1451 sancto
863 1416 1012 1450 Mal-tino.

591 1513 623 1545 1.
652 1512 742 1544 Haec
769 1515 820 1545 est
844 1511 913 1543 dies

653 1560 750 1593 nimis
777 1560 976 1600 veneranda,

103 1662 165 1693 2³.
198 1660 268 1699 Qua
292 1658 443 1699 pontifex
811 1657 876 1691 2b.
908 1657 973 1690 Ubi
1000 1660 1086 1689 astat

202 1707 367 1740 Martinus
394 1708 477 1740 caeli
504 1706 696 1740 conscendit
913 1706 1046 1739 Christo
1072 1705 1142 1747 regi
1169 1708 1302 1738 aeterna

200 1766 319 1798 regna,
910 1765 970 1796 per
996 1754 1114 1788 saecla.

104 1858 163 1890 3³.
199 1852 298 1899 [Vere
323 1855 444 1896 gaudet
814 1853 877 1888 3b.
909 1853 1079 1894 Apostolis

201 1913 271 1936 cum
299 1904 424 1946 angelis
911 1912 950 1935 ac
977 1902 1148 1943 prophetis

201 1957 300 1994 atque
325 1953 508 1994 triumphat
912 1954 1082 1984 consertus
1108 1950 1209 1982 micat

203 2011 275 2035 cum
301 2001 544 2045 archangelis]·‚
910 2001 1099 2042 praesulum
1127 2008 1273 2041 gemma,

104 2104 167 2136 4a.
201 2101 388 2143 Martyrum
416 2108 480 2132 non
507 2100 626 2142 impar,
814 2099 879 2133 4b.
911 2099 1021 2138 Atque
1048 2097 1269 2130 confessorum

199 2149 252 2190 qui
279 2149 356 2190 agni
382 2157 498 2181 cruore
910 2147 997 2179 inter
1023 2146 1170 2186 pretiosa

202 2199 355 2232 laverunt
381 2207 456 2231 suas
913 2197 1090 2238 primatum
1119 2203 1235 2235 gerens

201 2248 303 2281 stolas
330 2247 500 2290 candidas,
915 2245 1024 2277 clarus
1051 2244 1192 2284 agmina.

105 2350 168 2382 5a.
201 2345 341 2380 Sanctae
367 2345 402 2378 in
428 2345 587 2378 trinitatis
823 2343 886 2378 5b.
919 2342 1126 2374 Mortuorum
1153 2349 1294 2382 corpora

199 2394 267 2428 fide
294 2397 412 2428 cuncta
919 2389 1099 2423 suscitabat

201 2443 431 2485 languidorum
921 2443 1018 2481 atque
1045 2439 1132 2471 vitae

203 2501 324 2526 sanans
350 2491 508 2532 membra,
921 2487 1109 2521 revocabat.

1228 2544 1290 2574 17*
