1654 2756
705 158 872 194 —291
926 179 970 184 —

171 257 230 290 7a.
267 257 333 290 Ubi
359 255 466 289 Deum
493 257 681 290 collaudare
873 257 935 290 7b.
971 258 1037 290 lter
1062 261 1207 290 nostrum
1236 255 1378 288 deviavit

267 306 454 338 Mereamur
480 310 512 338 et
537 315 647 339 amare
968 306 1011 338 Et
1038 315 1076 338 ex
1103 306 1156 337 via
1183 305 1358 338 declinavit

320 354 383 386 Per
407 359 540 387 aeterna
568 355 710 389 saecula.
1017 357 1047 388 A
1074 354 1226 386 virtutum
1254 354 1380 386 semita.

173 447 233 479 8a.
271 447 313 480 Ut
342 455 452 479 eamus
477 447 541 479 iter
567 450 682 485 tutum,
873 447 935 480 8b.
969 447 1080 478 Hostis
1106 451 1216 477 noster
1242 448 1411 477 evanescat

271 495 386 528 Reduc
403 496 445 528 ad
463 504 519 527 eor
536 496 653 528 mentis
667 504 814 536 gressum
974 495 1015 527 Et
1041 505 1060 526 a
1086 493 1203 526 fraude
1229 494 1435 534 elanguescat

323 542 452 576 Pietate
478 544 595 583 solita3
1022 543 1082 575 Dei
1110 543 1316 582 providentia

176 635 236 668 911.
270 635 418 676 Superna
444 640 549 667 mater
575 635 680 674 gratia
875 635 938 668 9b.
972 635 1007 666 In
1035 645 1096 675 qua
1124 633 1187 665 frui
1215 643 1396 667 mereamur

276 683 422 716 Collocet
448 692 507 716 nos
535 684 567 715 in
594 684 708 726 gloria,
976 684 1074 716 Plena
1101 683 1161 714 Dei
1189 682 1313 714 notitia.

177 774 220 807 10
231 784 260 807 a.
294 775 370 808 Sion
398 779 512 807 sancta
539 786 596 807 nos
623 780 772 817 acceptet
878 777 921 809 10
934 775 963 809 b.
999 776 1036 808 In
1056 784 1118 816 qua
1137 774 1236 815 fulget
1251 783 1335 805 nunc
1350 772 1513 813 Sigfridus

300 824 336 856 Iu
363 823 479 856 summi
507 825 592 865 regis
620 824 719 867 curia,
1002 825 1065 857 Pro
1094 824 1242 855 doctrina
1269 823 1439 857 catholica,

181 916 221 948 11
235 925 263 947 a.
297 916 397 949 Cuius
426 916 557 948 laudum
585 917 759 957 praeconia
882 918 920 949 11
938 915 968 947 b.
1002 916 1085 947 Dum
1113 915 1318 947 celebrantur
1344 924 1450 946 annua

352 964 471 997 Incitat
499 966 647 1003 ecclesia,
1050 964 1129 996 Eius
1157 963 1315 996 natalitia.

183 1053 265 1085 1221.
303 1054 388 1087 Hinc
415 1061 445 1087 et
472 1060 577 1088 mater
603 1057 741 1089 ecclesia
883 1057 924 1088 12
939 1054 969 1087 b.
1004 1055 1101 1087 Cuius
1129 1056 1250 1087 celebri
1278 1055 1427 1086 doctrina

305 1103 440 1143 Spernit
466 1113 612 1137 errorum
641 1105 744 1147 devia,
1002 1103 1103 1135 Fides
1128 1104 1276 1135 firmatur
1302 1104 1407 1135 unica.

183 1194 266 1227 1321.
301 1194 405 1227 Huius
433 1196 522 1234 sequi
551 1196 687 1235 vestigia
880 1196 923 1228 13
936 1194 966 1227 b.
998 1194 1081 1226 Fide
1108 1203 1184 1226 vera
1212 1200 1241 1226 et
1269 1193 1409 1227 fecunda

301 1243 343 1275 Et
370 1243 563 1285 praedicare
591 1245 743 1283 dogmata
1002 1243 1063 1274 Det
1093 1243 1185 1274 nobis
1216 1243 1275 1275 Dei
1302 1245 1417 1283 gratia.

257 1334 389 1370 Legend.
421 1344 475 1362 ms.
502 1335 659 1362 Laurentii
689 1335 802 1363 Odonis
830 1336 1027 1371 Lineopensis
1063 1343 1139 1361 saec.
1172 1333 1243 1362 ¹⁴!15.
1276 1334 1346 1361 Cod.
1376 1335 1520 1362 Dresden.

181 1372 213 1400 A.
239 1389 272 1393 —
295 1374 380 1400 Miss.
401 1383 455 1401 ms.
477 1374 623 1402 Scarense
644 1383 720 1401 saec.
746 1374 789 1402 15.
813 1373 885 1401 cod.
908 1374 1049 1409 Upsalen.
1073 1375 1096 1402 C
1118 1372 1183 1400 427.
1207 1375 1239 1401 Β.
1261 1389 1299 1393 —
1321 1374 1405 1400 Miss.
1422 1374 1519 1410 Streg-

179 1420 272 1439 nense
302 1414 372 1447 imp.
393 1413 534 1440 Lubeeae
564 1411 648 1441 1487.
670 1414 704 1440 C.
730 1429 761 1433 ——
784 1413 870 1440 Miss.
895 1413 1034 1440 Aboeuse
1062 1414 1133 1447 imp.
1155 1413 1294 1440 Lubecae
1318 1412 1401 1440 1488.
1424 1413 1461 1440 D.
1484 1429 1521 1433 —

180 1447 244 1484 3b,
267 1449 284 1478 2
305 1451 440 1479 delueret
461 1453 496 1479 A.
526 1468 562 1471 —
583 1451 635 1485 4a,
658 1450 676 1479 2
698 1452 803 1480 effectu
826 1451 857 1479 C.
882 1468 917 1471 —
938 1450 999 1480 4a.
1021 1451 1039 1479 4
1062 1452 1181 1479 Erroris
1204 1453 1244 1485 A,
1267 1452 1406 1479 Error-em
1430 1455 1461 1479 C.
1484 1470 1519 1472 —

180 1487 234 1521 41),
257 1488 275 1518 3
290 1491 349 1518 Pro
371 1492 486 1518 meritis
502 1491 534 1517 C.
551 1506 586 1510 —
603 1490 657 1523 51),
680 1489 697 1518 2
713 1491 856 1519 Sueorum
874 1492 908 1523 A,
930 1489 1081 1517 sweorum
1099 1491 1130 1523 Β,
1147 1490 1312 1518 Suenorum
1329 1491 1359 1518 C.
1376 1505 1412 1510 ——
1427 1490 1480 1523 61),
1504 1492 1521 1519 213

179 1528 294 1564 palatio
315 1530 348 1557 B.
369 1544 407 1549 —
435 1528 493 1561 8a,
526 1528 538 1557 l
562 1530 602 1557 Et
623 1530 655 1558 C.
676 1545 715 1548 —
742 1529 800 1563 9a,
827 1528 845 1556 2
867 1530 989 1557 Conduc
1019 1540 1072 1557 nos
1103 1530 1131 1556 in
1154 1531 1266 1565 gaudia
1288 1531 1320 1556 C.
1344 1548 1379 1551 —
1403 1528 1476 1559 lOa.
1508 1531 1521 1559 l

181 1570 318 1603 acceptat
337 1568 396 1596 BC.
418 1584 454 1587 —
480 1567 559 1601 loa,
581 1567 599 1596 2
622 1570 744 1604 superni
765 1569 797 1598 C.
819 1584 856 1587 —
882 1568 951 1601 lob,
976 1567 989 1595 1
1014 1579 1092 1596 nunc
1114 1569 1207 1604 fulget
1229 1568 1260 1596 C.
1282 1585 1320 1589 —
1344 1569 1414 1599 lla.
1436 1569 1453 1597 ‘2
1475 1571 1522 1597 Iu-

180 1607 290 1634 citatur
310 1607 394 1636 ABC.
420 1625 455 1628 —
491 1606 570 1641 llb,
602 1607 614 1635 1
638 1608 713 1636 Cum
735 1608 765 1636 C.
789 1623 825 1626 -
851 1607 929 1640 121³,
956 1606 968 1634 l
992 1609 1091 1635 Huius
1115 1608 1145 1634 C.
1170 1624 1203 1626 —
1230 1606 1304 1642 132,
1332 1608 1345 1635 1
1368 1611 1410 1637 Ac
1432 1612 1463 1637 C.
1486 1624 1524 1628 —

183 1642 217 1672 13
228 1646 255 1677 b,
281 1645 293 1674 1
316 1655 388 1673 vera
410 1656 445 1674 ac
460 1647 523 1681 BC,
547 1656 617 1674 vera
639 1655 673 1674 ac
695 1648 810 1674 fervida
826 1649 909 1674 B.·—
928 1648 984 1674 Die
1000 1647 1151 1674 Collation
1174 1657 1232 1675 von
1248 1648 1274 1674 D
1296 1649 1336 1675 ist
1361 1649 1416 1675 mir
1432 1649 1523 1676 leider

180 1685 265 1712 nicht
286 1694 339 1713 zur
360 1686 459 1713 Hand.
477 1700 511 1705 —
529 1687 701 1722 Klemming
715 1686 749 1719 (Ι,
772 1697 798 1723 p.
825 1685 878 1714 163
904 1686 980 1722 sqq.)
1000 1688 1100 1713 citiert
1122 1686 1166 1713 als
1189 1689 1271 1714 seine
1287 1685 1393 1722 Quelle
1417 1697 1472 1714 nur
1488 1689 1522 1721 C,

180 1723 256 1760 folgt
276 1726 348 1752 aber
370 1723 408 1751 im
425 1726 519 1753 Texte
541 1726 625 1753 nicht
645 1725 743 1752 dieser
761 1725 880 1761 Quelle;
904 1725 960 1753 Str.
983 1724 1027 1752 4a
1050 1735 1077 1752 u.
1100 1724 1145 1752 4b
1170 1727 1235 1753 sind
1258 1727 1328 1753 aber
1350 1736 1426 1763 ganz
1448 1728 1524 1755 nach

180 1763 203 1790 C
230 1764 358 1799 geboten
387 1765 447 1791 und
477 1764 570 1792 daher
598 1765 852 1792 unverstfindlieh.
881 1779 917 1784 —
948 1765 991 1791 Im
1020 1765 1141 1792 Pariser
1164 1765 1342 1800 Exeniplare
1369 1767 1420 1794 des
1444 1768 1525 1794 Miss.

179 1802 359 1839 Stregnense
381 1804 481 1832 fehlen
502 1803 595 1831 durch
620 1804 849 1841 [ieschadigung
873 1803 921 1833 la.
951 1802 987 1839 13
1010 1802 1063 1836 sb,
1085 1802 1103 1831 3
1126 1813 1152 1831 u.
1175 1804 1227 1835 Ha.
1254 1804 1277 1831 l.

556 1929 626 1960 3⁴22.
671 1929 712 1960 De
735 1938 760 1960 s.
783 1928 925 1969 Sigfrido
948 1929 1153 1961 Vexoniensi.

185 2015 244 2048 la.
277 2012 509 2048 Confessorum
535 2014 595 2048 flos
623 2025 772 2057 coronae,
886 2017 949 2050 lb.
983 2016 1063 2049 Cum
1091 2015 1227 2057 sigfridi
1257 2021 1477 2057 recensentur,

279 2062 494 2103 Confessoris,
524 2066 597 2097 Iesu
624 2065 718 2105 bone,
984 2065 1026 2098 Ut
1057 2066 1215 2105 condigne
1243 2066 1483 2106 praedicentur,

327 2112 464 2155 Suscipe
491 2114 672 2156 sollemnia,
1033 2115 1173 2155 Operum
1202 2114 1352 2156 insignia.

180 2207 246 2240 2a.
278 2206 331 2240 Ab
359 2216 475 2240 occasu
503 2206 725 2247 vespertinum
887 2207 951 2242 2b.
985 2207 1082 2240 Cuius
1111 2207 1212 2238 virtus
1242 2207 1409 2249 dilatatur,

279 2255 388 2296 Sidus,
417 2255 562 2288 formans
587 2256 792 2299 matutinum,
984 2256 1084 2288 Iubar
1111 2257 1240 2294 crescit,
1269 2256 1377 2289 lumen
1404 2256 1501 2290 datur

329 2304 461 2338 Profert
484 2309 599 2338 auctor
627 2305 769 2345 saeculi3
1033 2306 1069 2337 In
1098 2305 1234 2337 salutem
1263 2307 1387 2346 populi.

181 2398 241 2430 3a.
277 2396 386 2430 Verbo
413 2402 536 2440 pugnat
563 2396 694 2430 fortiter
887 2398 953 2432 3b.
988 2397 1102 2430 Gentis
1130 2397 1262 2430 damnat
1284 2397 1384 2441 idola,

276 2446 368 2479 Bona
397 2445 538 2480 fundens
565 2446 702 2489 largiter
985 2446 1216 2487 Reprobantur
1242 2444 1359 2480 frivola

326 2495 478 2529 Summae
508 2495 684 2536 bonitatis;
1035 2496 1148 2528 Cultus
1174 2496 1338 2529 vanitatis.

1294 2553 1351 2582 19*
