1654 2756
727 155 967 191 -23-

184 251 245 284 5a.
273 251 356 284 Inde
382 261 482 293 super
507 253 679 287 Dominum

274 300 347 333 Vox
374 311 393 334 a
419 305 513 342 patre
539 303 695 335 luminum

324 349 414 382 Talis
441 354 491 382 est
515 352 645 384 audita:

886 254 944 289 5b.
972 254 1036 287 Hic
1061 256 1111 286 est
1134 253 1212 285 mihi
1240 251 1369 294 penitus

974 304 1111 336 Placens
1135 302 1330 344 unigenitus

1025 351 1152 384 Veritas
1179 354 1211 382 et
1236 351 1312 383 vita.

562 436 622 467 50.
650 434 772 466 Audite
798 434 882 466 hunc
907 434 1017 475 igitur,

648 483 740 525 Quia,
767 483 851 515 sicut
874 483 1027 523 loquitur,

697 530 832 572 Semper
857 531 919 562 erit
944 531 1000 565 ita.

185 611 247 644 fia.
274 611 356 651 Quia
382 610 424 643 de
449 611 614 652 unigenito

275 659 347 691 Vox
375 662 424 691 est
450 660 543 700 lapsa
569 660 676 692 subito

322 707 430 740 Patris
457 717 476 740 a
502 718 652 749 persona,

886 612 946 646 6b.
975 613 1056 644 Tres
1083 615 1169 644 metu
1196 612 1367 653 praecipiti

975 661 1137 693 Corruunt
1162 662 1291 693 attoniti

1022 711 1059 743 In
1088 708 1170 741 facie
1196 719 1310 750 prona.

559 794 621 825 60.
649 791 714 824 Sed
740 793 783 824 ad
810 800 920 825 vocem
948 791 1079 824 Domini

649 839 802 872 Succedit
828 840 994 872 formidini

698 888 862 922 Securitas
888 889 981 921 bona.

185 970 245 1003 7a.
272 971 318 1004 Ut
343 975 449 1003 autem
475 971 642 1003 distinctio

274 1019 417 1052 Duorum
442 1029 462 1051 a
487 1021 584 1052 tertio

320 1068 408 1100 Bene
434 1068 476 1099 sit
503 1068 654 1105 discreta,

886 971 943 1004 7b.
972 972 1178 1004 Evanescens
1205 972 1353 1011 protinus

972 1021 1102 1059 Moyses
1130 1020 1351 1051 clandestinus

1022 1070 1188 1108 Vivaxque
1215 1067 1384 1108 propheta,

560 1151 617 1184 70.
646 1149 846 1182 Remanente
872 1149 1012 1181 Domino

646 1198 684 1229 In
711 1203 845 1238 aspectu
871 1198 1020 1237 pristino,

694 1248 792 1278 Veste
819 1250 982 1287 consueta,

885 1329 947 1361 8b.
974 1330 1072 1368 Quam
1103 1329 1142 1361 de
1170 1331 1282 1362 mortis
1309 1328 1404 1362 fovea

971 1378 1013 1410 Et
1042 1378 1135 1411 Edon
1162 1380 1338 1418 sanguinea

1021 1427 1164 1459 Redeam
1193 1437 1263 1459 cum
1290 1427 1393 1468 gloria

182 1329 242 1362 Sa.
269 1329 409 1361 Dicente
435 1330 638 1369 perterritis:

272 1378 403 1410 Nemini
431 1378 579 1410 dixeritis

319 1428 484 1459 Visiouem
509 1432 614 1469 antea,

627 1510 659 1540 9.
689 1509 879 1541 Resultante
907 1510 1060 1544 Alleluia.

252 1585 392 1622 Sequent.
418 1594 472 1612 ms.
499 1585 605 1613 Adami
631 1585 869 1613 Ravennatensis
895 1587 967 1612 anni
998 1583 1157 1614 1585—87.
1200 1586 1269 1614 Cod.
1294 1582 1426 1613 Classen.
1455 1584 1514 1614 360

169 1622 247 1659 (139.
276 1622 302 1652 5.
325 1625 366 1656 S).
388 1640 425 1645 -—
447 1622 498 1655 21),
522 1622 540 1651 3
563 1625 658 1652 Velut.
681 1638 718 1643 —
739 1623 789 1655 42,
812 1623 830 1651 2
853 1625 921 1652 Ubi.
944 1639 981 1643 —
1001 1623 1056 1657 4b,
1081 1623 1094 1651 1
1122 1633 1234 1652 cenam.
1257 1640 1294 1644 -—
1317 1623 1369 1656 Ga,
1392 1623 1410 1652 2
1434 1626 1511 1653 Voce

170 1665 265 1700 lapsa.
289 1679 323 1682 —
346 1665 380 1692 L.
407 1663 547 1697 Gautier,
575 1663 706 1691 Oeuvres
735 1663 816 1691 Poet.
845 1660 968 1690 d'Adam
998 1664 1034 1692 de
1063 1665 1279 1696 Saint-Victor.
1309 1665 1394 1691 Paris
1427 1663 1509 1697 1594,

168 1702 306 1731 bemerkt
326 1713 363 1731 zu
383 1703 481 1730 dieser
502 1702 653 1738 Sequenz:
679 1702 851 1736 „Attribuee
874 1700 891 1729 a
913 1703 1007 1730 Adam
1030 1712 1084 1739 par
1104 1703 1165 1731 AC.
1200 1705 1287 1731 N'est
1309 1711 1361 1738 pas
1384 1712 1422 1730 au
1438 1704 1509 1731 Gra-

169 1741 238 1770 duel
269 1742 305 1769 de
336 1742 553 1775 Saint—Victor,
583 1745 611 1770 et
643 1750 717 1768 nous
750 1739 817 1769 n'en
847 1740 1012 1778 possedons
1044 1751 1097 1779 pas
1129 1743 1156 1770 le
1186 1746 1275 1770 texte.
1326 1743 1513 1770 Attribution

169 1779 330 1809 douteuse“
357 1782 387 1815 (l.
409 1789 434 1807 c.
457 1790 483 1816 p.
504 1780 580 1815 249).
622 1780 773 1808 Naehdem
802 1782 857 1808 wir
883 1782 994 1809 wieder
1021 1781 1176 1819 gliicklich
1206 1783 1246 1808 im
1268 1783 1367 1810 Besitz
1390 1781 1441 1809 der
1463 1783 1513 1809 Se-

170 1828 266 1856 quenz
288 1820 363 1853 sind,
385 1820 449 1847 halt
469 1829 500 1847 es
522 1820 605 1847 nicht
626 1819 747 1851 schwer,
769 1820 846 1847 auch
867 1820 915 1848 die
931 1821 1155 1858 Zuschreibung
1177 1821 1333 1849 derselben
1354 1821 1398 1848 als
1417 1821 1511 1848 falsch

168 1868 205 1887 zu
227 1859 418 1890 bezeichnen.

553 1955 579 1985 7.
611 1955 643 1985 ln
666 1954 963 1994 Transfiguratione
987 1954 1120 1987 Domini.

183 2036 242 2069 la.
271 2037 464 2075 locandam,
492 2036 586 2077 plebs
613 2037 741 2078 devota,

267 2085 431 2118 Christum
457 2085 595 2118 laudans
618 2089 724 2117 mente
741 2089 809 2118 tota

314 2135 351 2166 In
378 2134 506 2176 hymnis
533 2138 563 2166 et
591 2134 745 2174 canticis3

176 2219 197 2252 2
209 2228 238 2251 a.
265 2218 359 2257 Quod
373 2218 407 2250 in
420 2221 530 2250 monte
543 2216 807 2251 transformatur.

265 2266 397 2300 Thabor
422 2266 477 2307 qui
504 2267 740 2304 denominatur,

311 2316 472 2349 Recolens
498 2317 664 2349 memoria.

174 2402 238 2436 3a.
267 2399 385 2433 Lorica
410 2399 604 2432 humilitatis

262 2449 460 2483 ornamento
487 2449 648 2482 claritatis

311 2498 412 2531 Tecta
438 2498 624 2538 visibiliter,

879 2036 938 2071 lb.
968 2037 1209 2079 congaudendo
1235 2047 1292 2069 suo
1321 2035 1414 2070 festo.

967 2087 1054 2119 Puro
1082 2086 1180 2117 corde
1204 2086 1266 2117 rite
1292 2090 1434 2127 praesto,

1014 2135 1116 2167 Donis
1143 2144 1263 2166 ornans
1290 2135 1456 2175 mysticis,

875 2217 937 2253 2b.
966 2218 1038 2250 Duo
1063 2217 1133 2250 nati
1159 2217 1332 2257 Zebedaei,

965 2267 1067 2300 Simul
1094 2266 1211 2297 Petrus
1236 2267 1329 2299 verbi
1356 2266 1418 2299 Dei

1013 2317 1138 2348 Ferunt
1163 2315 1359 2349 testimonia.

875 2398 934 2432 3b.
962 2399 1046 2431 Solis
1073 2406 1185 2431 versus
1211 2399 1245 2431 in
1271 2399 1480 2441 splendorem

964 2448 1094 2488 Vultus,
1119 2447 1204 2480 nivis
1230 2449 1265 2481 in
1292 2449 1464 2482 candorem

1015 2498 1130 2530 Vestes
1156 2498 1361 2531 mirabiliter.
