1654 2756
127 349 187 384 la.

124 537 186 568 2a.

121 721 183 754 3a.

121 907 183 939 4a.

118 1095 180 1125 5a.

115 1278 177 1310 6a.

663 191 712 196 -
762 172 833 208 209
884 193 930 198 -

566 266 634 299 226.
667 266 710 299 De
731 269 841 300 sancto
864 269 1040 301 Francisco.

220 349 384 390 vergente
411 350 522 382 mundi
549 358 685 390 vespere

226 397 349 431 Summi
376 398 461 440 regis
491 399 532 431 de
558 399 661 431 latere

272 447 384 480 Novus
410 448 536 488 legatus
562 447 715 490 mittitur,

217 535 282 568 Hic
307 545 327 568 a
354 535 423 568 Deo
450 539 622 568 revocatur

222 584 267 616 Et
292 584 326 616 in
352 585 445 616 annis
472 584 700 624 praesignatur

271 632 341 664 Sibi
369 633 454 665 datis
481 633 617 665 caelitus

216 721 428 761 Paupertatis
453 720 590 753 formam
617 724 741 759 tenens,

220 769 343 803 Christi
371 770 458 802 vitae
483 770 756 810 modum-gerens

271 818 315 851 Ut
343 818 393 850 vir
418 818 628 858 apostolicus,

215 906 278 940 Hic
305 915 444 938 exorans
470 906 582 938 mundi
608 906 725 945 scelus,

218 957 318 996 Quem
337 955 505 986 succendit
524 953 654 986 fervens
674 955 762 986 zelus

268 1003 381 1036 Crucis
408 1008 440 1035 et
466 1004 627 1043 martyrii,

212 1092 276 1123 Hic
301 1092 469 1131 inspector
491 1095 702 1132 secretorum,

215 1142 316 1180 Quem
349 1139 534 1172 demulcent
564 1139 752 1180 angelorum

265 1189 367 1221 Sacra
392 1187 583 1220 ministeria.

210 1277 247 1308 In
275 1275 337 1306 hoc
361 1275 443 1306 mire
470 1278 679 1315 renovantur,

214 1325 252 1356 In
279 1324 341 1356 hoc
367 1332 443 1355 vere
471 1323 735 1355 demonstrantur

260 1372 492 1412 Redemptoris
520 1379 663 1403 munera.

115 1463 176 1495 7a.
207 1462 234 1494 Ο
261 1459 450 1499 Francisce,
476 1459 533 1490 lux
559 1458 676 1490 solaris

216 1508 373 1542 Crucifixi
399 1507 586 1548 singularis,

260 1557 328 1590 Fac
354 1560 520 1589 consortes
548 1556 677 1597 civium,

834 350 898 385 11).

829 536 892 571 21).

828 720 891 755 31).

823 906 887 941 4b.

826 1090 886 1124 5b.

825 1273 891 1308 61).

827 1458 888 1493 7b.

931 351 1023 384 Novo
1050 352 1172 385 ditatus
1199 361 1330 384 munere

931 400 1128 433 Franciscus
1154 411 1235 433 novo
1263 399 1395 432 foedere

981 449 1041 481 Dei
1068 450 1155 482 salus
1181 449 1333 483 efficitur.

926 537 1038 569 Hostis
1065 538 1167 570 nostri
1195 538 1387 578 debellator,

928 586 1029 618 Verus
1056 587 1160 618 crucis
1186 587 1376 627 aemulator,

976 634 1087 675 Magni
1116 635 1180 667 dux
1208 637 1386 669 exercitus,

923 720 1042 753 Verbis
1071 721 1155 754 vitae
1181 731 1238 753 nos
1265 722 1414 762 replevit,

925 769 962 802 In
987 779 1050 810 quo
1078 770 1199 810 duplex
1227 770 1385 810 requievit

974 818 1114 859 Spiritus
1141 819 1345 859 prophetiae.

920 906 1041 939 Christi
1068 905 1165 939 fidem
1193 908 1362 945 exaltavit,

921 956 1022 996 Quam
1050 955 1192 988 Soldano
1219 956 1423 996 praedicavit

971 1004 1075 1036 Cursu
1100 1004 1285 1038 ministerii,

921 1090 1065 1123 Cunctae
1093 1090 1215 1123 Christi
1244 1096 1411 1123 creaturae

925 1138 1014 1170 Nutu
1040 1145 1169 1179 parent,
1197 1144 1228 1170 et
1255 1141 1436 1180 scripturae

974 1187 1166 1219 Panduntur
1194 1190 1360 1228 mysteria.

923 1274 961 1306 In
988 1274 1048 1306 hoc
1075 1274 1199 1307 clarent
1224 1276 1304 1306 mira
1332 1277 1436 1315 signa,

922 1323 1012 1364 Quae
1038 1324 1197 1355 extollunt
1224 1324 1321 1356 laude
1349 1324 1447 1365 digna

974 1372 1081 1413 Larga
1108 1372 1169 1403 Dei
1196 1381 1340 1406 munera.

921 1459 1044 1499 Quibus
1070 1469 1155 1492 nunc
1181 1461 1366 1503 associaris,

921 1508 1043 1548 Quibus
1070 1509 1133 1541 iam
1162 1510 1374 1549 congloriaris

972 1558 1009 1589 In
1035 1557 1134 1589 choro
1160 1558 1360 1591 caelestium.

189 1657 274 1683 Miss.
302 1665 356 1683 ms.
382 1655 571 1682 Novarieuse
597 1653 1010 1687 (vRomano-Franeiseanum)
1036 1655 1107 1681 anni
1138 1652 1224 1682 1478.
1272 1654 1342 1681 eod.
1371 1654 1470 1690 Capit.

111 1696 274 1724 Novarien.
305 1694 385 1722 XLI.
409 1709 444 1712 —
470 1691 527 1727 5a.,
554 1689 572 1718 2
598 1692 705 1726 Quam.
730 1705 767 1709 —
799 1691 859 1726 5b,
887 1691 905 1719 2
932 1693 1043 1729 Nuptu.
1070 1708 1099 1712 ε
1126 1694 1193 1721 Dea
1214 1694 1289 1721 Text
1318 1693 1468 1721 verdanke

113 1736 162 1763 ich
183 1735 256 1763 Rev.
280 1734 454 1761 Bannister.

112 1915 173 1947 la.

109 2053 171 2086 22.

108 2191 170 2224 3a.

106 2331 168 2364 4a.

103 2469 167 2500 5a.

554 1817 620 1848 227.
654 1816 696 1847 De
719 1818 834 1848 sancta
859 1817 1032 1850 Gonovefa.

204 1913 389 1953 Pangamus
415 1910 577 1944 sollennia

209 1960 398 1995 Genofevae
424 1959 610 2001 praeconia.

205 2051 304 2084 Cuius
331 2048 467 2092 speciali
493 2048 600 2090 gratia

206 2099 353 2134 Parisius
381 2098 456 2137 fide,
483 2097 619 2135 iustitia,

203 2190 307 2230 Quam
334 2188 448 2221 laudat
475 2185 556 2219 caeli
583 2185 683 2225 curia,

204 2238 292 2272 Laus
320 2237 379 2270 tibi
407 2237 450 2268 sit
479 2240 511 2267 et
536 2235 652 2277 gloria.

201 2327 263 2360 Dei
290 2326 449 2369 genetrix,
478 2325 592 2366 regina

250 2376 388 2417 Polique
413 2373 514 2415 orbis,
539 2373 718 2415 praecipua

198 2464 295 2498 Hane
320 2462 419 2504 fame,
446 2463 590 2504 lymphis
616 2471 740 2502 serves,

249 2512 403 2546 Hostium
427 2513 556 2553 iaculis,

165 2575 186 2598 B
193 2573 204 2596 l
211 2581 230 2597 u
237 2581 265 2596 m
271 2579 285 2595 e
294 2591 300 2601 ,
318 2572 491 2602 Sequentiae
508 2570 646 2595 Ineditae,
681 2571 701 2592 V
708 2569 759 2593 111.

824 1909 885 1943 lb.

821 2047 886 2081 2b.

819 2184 882 2218 3b.

817 2321 880 2356 4b.

818 2459 882 2495 5b.

918 1910 1012 1943 Hanc
1037 1911 1175 1943 illustris
1204 1909 1313 1942 Gallia

921 1958 1008 1991 Colit
1035 1960 1182 1992 lustrans
1209 1959 1371 1991 mortalia.

918 2046 1107 2088 Praefulget
1135 2051 1232 2088 caput
1250 2048 1282 2078 in
1303 2046 1443 2078 Francia
1461 2057 1467 2084 ς

917 2097 1034 2130 Custos
1052 2095 1143 2128 urbis
1163 2096 1199 2127 fit
1218 2095 1298 2127 haec
1317 2095 1464 2135 propria.

914 2187 997 2223 Ave,
1025 2184 1125 2216 tutrix
1153 2193 1223 2216 cum
1250 2182 1358 2216 Maria

916 2234 1007 2267 Pelle
1034 2233 1128 2265 nobis
1157 2232 1330 2265 contraria.

915 2322 1060 2354 Parisius
1087 2323 1136 2352 est
1164 2321 1304 2359 domina,

965 2370 1029 2403 Sed
1056 2374 1091 2401 tu
1118 2373 1225 2401 eustos
1252 2378 1286 2401 es
1320 2368 1464 2403 assidua.

913 2460 1003 2501 Igne,
1030 2461 1123 2498 peste
1149 2465 1354 2498 praeserves,

965 2507 1098 2541 Cunctis
1124 2507 1291 2547 periculis.

1253 2563 1287 2592 14
