1654 2756
687 123 928 159 -84-

155 220 217 254 aa.
246 219 372 262 Gaude,
399 220 473 260 qnia
499 219 545 251 tui
571 220 651 259 nati,
675 233 681 237 ·
851 219 912 254 3b.
939 219 1065 261 Gaude,
1091 224 1206 263 mater,
1232 219 1432 253 aseendente

235 269 285 308 Qu
296 278 345 300 em
379 267 514 300 videbas
540 271 676 299 mortem
701 268 783 310 pati,
940 267 1070 301 Christo
1096 269 1198 308 caelo,
1223 272 1256 302 te
1281 268 1414 302 vidente

290 316 408 358 Fulget
434 315 640 349 resurrectio.
987 316 1081 349 Motu
1106 315 1211 350 fertur
1235 316 1380 358 proprio.

150 405 215 436 4a.
244 404 369 444 Gaude,
379 402 651 443 quaepostipsum
662 403 802 444 scandis,
851 402 912 438 4b.
940 403 1064 443 Gaude,
1091 403 1216 445 angelis
1241 404 1401 445 praelata,

243 451 286 484 Et
313 455 360 499 est
388 451 490 482 honor
516 450 575 482 tibi
601 451 734 491 grandis
939 451 1091 484 Trinitati
1118 453 1302 494 proximata

293 500 330 532 In
358 498 438 531 caeli
464 498 597 538 palatio.
990 499 1152 541 Singulari
1178 502 1294 542 gratia.

150 589 169 619 5
185 596 216 619 a.
247 586 371 627 Gaude,
385 585 486 626 virgo,
501 585 571 618 laus
586 590 783 627 cunctorum,
858 585 918 620 5b.
946 586 1071 628 Gaude,
1099 587 1169 619 dies
1194 590 1231 619 ut
1255 589 1391 619 ornatur

244 635 349 675 Super
375 635 473 667 decus
499 634 686 675 angelorum
941 634 1026 675 Sole,
1053 635 1098 667 ita
1124 635 1320 668 iucundatur

291 683 407 724 Fulget
436 687 492 714 tua
517 683 630 722 gloria.
989 683 1025 714 ln
1049 686 1081 714 te
1107 683 1190 715 caeli
1216 684 1316 716 curia.

161 771 220 802 6a.
250 771 372 811 Gaude,
401 774 475 801 tuae
502 769 660 801 voluntati
853 769 911 803 6b.
942 769 1068 809 Gaude,
1095 774 1128 800 te
1154 770 1315 801 honorant
1340 768 1423 800 caeli

245 817 389 850 Affectus
417 821 463 848 est
490 818 628 849 trinitati
942 818 1037 850 Cives
1063 817 1178 849 affectu
1203 817 1295 849 fideli

289 865 415 898 Favere
441 865 482 897 ad
509 866 625 897 omnia.
989 865 1031 897 Et
1054 865 1269 898 oboedientia.

156 953 215 985 7a.
244 951 369 991 Gaude,
397 951 456 983 tibi
481 951 694 992 obsequentes
855 951 913 986 7b.
942 951 1067 991 Gaude,
1095 951 1198 984 honor
1222 955 1296 982 tuus
1323 950 1439 982 crescit

244 1000 365 1032 Terrae
392 1004 421 1032 et
450 1001 530 1032 caeli
556 1001 733 1041 gaudentes
940 1000 1076 1040 Semper
1100 1004 1196 1040 atque
1222 999 1318 1032 finem
1346 998 1462 1037 nescit,

293 1048 426 1081 Sumunt
454 1057 513 1090 per
539 1053 570 1080 te
596 1049 750 1088 praemia.
988 1048 1057 1080 Nec
1082 1049 1136 1080 hic
1157 1057 1217 1080 nec
1243 1048 1275 1080 in
1302 1047 1420 1089 patria.

151 1136 208 1167 8a.
239 1135 337 1177 Ergo,
366 1144 441 1167 cara
467 1140 570 1167 mater
595 1135 667 1169 Dei.
851 1135 911 1170 8b.
940 1135 1005 1169 Ubi
1034 1135 1158 1167 fructus
1187 1136 1309 1167 ventris
1337 1135 1382 1166 tui

244 1182 315 1214 Duc
341 1193 398 1215 nos
425 1182 618 1215 reformatos
645 1185 672 1215 ei
942 1184 1004 1215 Per
1030 1189 1062 1215 te
1088 1184 1181 1215 nobis
1211 1185 1306 1216 detur
1332 1181 1396 1214 frui

292 1231 345 1263 Ad
373 1231 456 1263 festa
483 1232 646 1269 caelestia,
990 1232 1026 1264 In
1054 1237 1185 1264 aeterna
1213 1233 1341 1273 gaudia.

222 1317 357 1344 Oration.
385 1326 437 1344 ms.
461 1317 636 1344 carthusiae
657 1318 817 1353 Pragensis
837 1317 937 1351 (Scala
963 1317 1050 1351 caeli)
1071 1326 1147 1345 saec.
1173 1318 1214 1345 14.
1260 1318 1331 1346 Cod.
1354 1318 1484 1354 Pragen.

144 1355 218 1382 XIII
239 1355 265 1382 E
287 1354 313 1382 3.
332 1371 368 1375 —
384 1356 459 1383 Hier
481 1356 546 1382 sind
569 1356 626 1383 Str.
654 1356 787 1384 la—4a
810 1356 944 1384 entlehnt
966 1365 1019 1383 aus
1041 1357 1092 1384 der
1114 1357 1250 1393 Sequenz
1271 1356 1408 1393 gleichen
1423 1358 1484 1383 An-

144 1393 246 1430 fanges
269 1394 399 1422 Kebrein
421 1394 470 1420 Nr.
494 1392 559 1421 24⁴2.

623 1508 668 1538 76.
700 1508 741 1540 De
764 1509 891 1540 Nomine
915 1508 1002 1539 BMV.

155 1599 214 1632 la.
247 1599 384 1630 Sanctae
407 1598 544 1637 Mariae,
856 1599 913 1633 lb.
942 1599 1020 1631 Tam
1050 1600 1143 1632 dulce
1169 1609 1283 1631 nomen

245 1646 363 1678 Matris
389 1646 450 1678 Dei
476 1647 560 1687 piae,
943 1649 1079 1680 Praeter
1104 1648 1166 1679 Dei
1192 1657 1306 1679 nomen

246 1693 371 1725 Nomen
399 1694 485 1725 omni
512 1695 563 1726 die
944 1695 1005 1727 vel
1029 1696 1096 1727 eius
1121 1705 1277 1736 agnomen

296 1742 445 1774 Laudare
473 1742 554 1775 volo.
993 1743 1126 1775 Nullum
1153 1744 1272 1777 recolo.

157 1830 217 1861 2a.
246 1828 371 1860 Nomen
400 1828 540 1860 dulcoris
852 1830 911 1864 2b.
939 1831 1039 1862 Matri
1068 1831 1196 1863 divinae

247 1876 403 1917 Gratique
431 1877 566 1913 decoris,
940 1879 1091 1919 Caelique
1118 1881 1258 1920 reginae.

246 1925 382 1963 Nomen,
410 1934 471 1964 quo
499 1926 639 1957 cantoris
939 1927 1054 1959 Mundi
1082 1929 1262 1961 medicinae

294 1973 357 2006 Cor
382 1973 535 2007 reficitur.
988 1976 1106 2008 Canam
1134 1978 1242 2019 igitur.

155 2061 215 2093 3a.
244 2062 326 2103 Ave,
354 2060 504 2101 gloriosa,
851 2061 912 2096 3b.
942 2063 1018 2095 Flos
1046 2065 1252 2106 virginitatis,

243 2108 376 2141 Gemma
402 2109 555 2149 pretiosa,
939 2112 1058 2144 Forma
1083 2114 1300 2155 paupertatis,

243 2157 330 2189 Rosa
357 2157 515 2198 speciosa,
938 2159 1012 2191 Dux
1039 2161 1240 2197 humilitatis,

294 2206 412 2239 Lilium
441 2206 646 2241 convallium.
988 2208 1143 2240 Tristium
1170 2210 1338 2245 solacium.

152 2293 215 2325 4a.
243 2293 335 2325 Luna
360 2293 539 2334 pulchrior,
850 2293 911 2328 4b.
938 2294 1039 2326 Melle
1064 2295 1199 2331 dulcior,

243 2340 317 2373 Sole
343 2342 491 2384 lucidior,
940 2342 1053 2375 Nardo
1079 2344 1218 2384 suavior,

241 2389 344 2423 Stella
369 2391 514 2429 nitidior,
939 2391 1037 2425 Caelo
1064 2393 1215 2433 capacior

290 2439 418 2480 Expers
444 2440 533 2480 paris
545 2451 551 2479 ;
990 2439 1230 2481 Comprobat-is.
