1654 2756
533 236 574 268 16.
609 235 659 274 „ln
683 236 733 269 die
753 238 862 269 saneto
883 237 1053 269 Paschae.“

130 314 190 348 1a.
219 315 289 348 Hac
316 323 524 350 sacrosancta
550 318 603 350 die

226 364 328 397 Deum
354 366 491 399 iaudent
518 366 694 408 ecelesiae3

131 443 192 475 2a.
220 441 325 475 Natus
351 444 478 477 Mariae

223 490 290 524 Pro
316 493 410 526 nobis
437 502 553 532 passus
580 493 688 532 pridie

221 538 371 572 Surrexit
398 540 515 579 hodie;

135 617 196 650 3a.
223 616 332 650 David
361 617 600 656 desiderabilis,

269 664 402 698 Pastum
420 670 630 706 prosternens
640 666 765 707 Goliae‚

218 713 321 747 Redit
344 716 450 747 victor
473 714 650 748 laudabilis

269 762 394 795 Ferens
421 763 559 795 salutem
585 764 724 803 patriae.

129 843 191 874 4a.
219 840 281 873 Dic
308 841 412 880 nobis,
440 841 560 882 Maria,

268 890 466 931 Magdalene
496 890 593 933 dicta,

133 970 193 1001 5a.
220 968 259 1001 In
288 968 498 1005 conscientia,

221 1016 308 1048 Vera
334 1021 408 1048 sunt
432 1017 562 1056 omnia3

135 1095 194 1128 Ga.
225 1093 311 1133 Vidi,
340 1092 422 1125 vidit
449 1093 578 1132 Petrus,

269 1141 388 1174 Omnes
415 1142 564 1182 apostoli,

132 1220 192 1252 7a.
220 1219 286 1252 Sed
312 1219 454 1252 Thomas
482 1219 599 1252 dubius

220 1267 378 1301 Probavit
408 1269 528 1299 certius

222 1316 365 1356 Palpans
390 1317 525 1348 interius

271 1365 428 1399 Vulnera.

133 1446 193 1478 8a.
220 1443 293 1476 Hoc
320 1447 408 1475 tenet
433 1442 570 1475 firmiter

271 1492 371 1524 Fides
399 1491 568 1533 catholica,

838 319 896 352 lb.

835 445 895 480 2b.

835 619 897 652 3b.

834 843 897 878 4b.

836 970 896 1004 5b.

836 1095 896 1128 6b.

837 1221 899 1255 7b.

833 1445 893 1480 8b.

926 320 1016 352 Haec
1044 320 1113 351 dies
1139 319 1294 360 laetitiae,

924 367 1003 399 Dies
1031 368 1152 401 Christi
1183 368 1349 401 victoriae.

923 445 994 477 Rex
1021 446 1211 478 clementiae

924 493 1011 525 Vicit
1037 503 1146 534 regem
1171 493 1346 534 superbiae

925 541 987 574 Via
1013 542 1219 582 prudentiae.

925 618 1084 661 Christus,
1121 619 1153 650 in
1181 629 1274 660 quem
1305 620 1471 651 desiderat

973 668 1084 700 Omnis
1110 672 1240 700 sanctus
1268 669 1466 709 prospicere,

924 716 1007 748 Suos
1034 716 1075 748 ab
1102 716 1195 748 hoste
1220 715 1342 748 liberat

973 765 1088 797 Victor
1113 774 1247 805 surgens
1277 765 1317 797 de
1344 764 1467 799 funere.

925 844 963 875 In
991 843 1199 883 conscientia,

972 891 1054 924 Sunt
1080 900 1157 923 vera
1183 891 1378 932 praedicta?

923 970 1138 1010 Experientia

922 1018 1073 1050 Removit
1100 1017 1199 1049 dubia
1210 1027 1215 1057 ;

926 1095 1045 1135 Ioseph
1072 1098 1102 1127 et
1130 1095 1278 1134 Iacobus,

972 1144 1085 1175 Testes
1114 1148 1190 1174 sunt
1217 1144 1336 1183 angeli.

925 1222 1042 1254 Virtus
1069 1221 1275 1253 ascendentis

927 1268 1062 1309 Fumat,
1090 1279 1175 1301 nunc
1201 1270 1345 1302 sedentis

925 1319 962 1350 In
990 1319 1220 1359 omnipotentis

972 1367 1126 1400 Dextera.

922 1443 986 1476 Per
1014 1445 1175 1478 Christum
1202 1444 1321 1486 iugiter

973 1494 1061 1533 Quae
1087 1494 1128 1524 sit
1153 1494 1301 1534 pacifica.

203 1569 289 1597 Miss.
321 1578 374 1596 ms.
397 1567 687 1605 Sangenovefianum
718 1579 795 1598 saec.
818 1569 863 1598 15.
885 1572 925 1598 in.
970 1570 1040 1598 Cod.
1063 1570 1313 1607 SangenovefiaU.
1334 1568 1380 1598 91.
1403 1569 1469 1598 add.

126 1617 202 1637 saec.
228 1605 270 1636 15.

528 1702 568 1734 17.
601 1702 636 1733 ln
658 1703 902 1736 Resurrectione
925 1704 1056 1736 Domini.

564 1785 698 1819 Feria
725 1787 787 1821 ΙΙΙ.
814 1787 1022 1821 Paschae.

129 1864 189 1898 la.
217 1863 309 1896 Haec
338 1868 387 1896 est
415 1864 484 1896 dies
512 1864 605 1897 nobis
632 1865 729 1908 laeta,

220 1912 299 1946 Dies
326 1917 456 1945 nostrae
481 1915 594 1946 mortis
622 1919 717 1955 meta,

218 1963 288 2003 Qua
315 1965 459 1995 mutatur
485 1962 555 1995 Tati
582 1963 698 2003 Theta‚

269 2010 294 2044 Ο
323 2011 365 2043 ad
390 2011 502 2051 Alpha
528 2012 677 2047 vertitur.

130 2090 189 2122 32.
217 2090 255 2122 In
284 2088 345 2121 hac
371 2090 424 2122 die
449 2093 515 2122 tam
542 2090 660 2123 festiva

217 2138 303 2171 Caro
330 2138 453 2172 Christi
480 2139 628 2172 rediviva

217 2185 287 2220 Nos
314 2188 486 2220 credentes
512 2188 546 2220 iu
573 2198 632 2229 spe
659 2190 734 2224 viva

265 2236 380 2280 Locat,
407 2235 488 2280 figit,
517 2237 623 2279 erigit.

132 2316 192 2349 3a.
218 2315 328 2349 Adam
354 2316 469 2357 procul
496 2316 669 2359 exsulavit,

217 2364 328 2407 Plagis
355 2365 466 2398 multis
493 2366 674 2410 vapulavit,

214 2413 281 2447 Sed
303 2414 390 2447 hunc
404 2411 511 2459 [haec]
527 2415 585 2448 lux
600 2417 768 2449 revocavit

266 2463 311 2496 Et
337 2463 466 2498 sanavit
492 2465 638 2498 vulnera.

836 1867 896 1903 lb.

836 2093 896 2126 2b.

836 2318 900 2352 3b.

925 1868 994 1899 Ista
1022 1868 1091 1899 dies
1119 1871 1166 1898 est
1195 1867 1331 1899 dierum.

924 1917 962 1948 In
989 1926 1051 1957 qua
1077 1915 1170 1948 nobis
1195 1917 1302 1947 lumen
1332 1924 1450 1957 verum,

924 1965 1029 2004 Pium,
1058 1974 1185 1997 sacrum
1214 1969 1244 1996 et
1274 1964 1436 1996 sincerum

973 2014 1021 2046 De
1049 2014 1198 2055 sepulcro
1225 2013 1379 2046 nascitur.

924 2092 977 2124 Ab
1005 2093 1066 2124 hae
1094 2091 1147 2122 die
1173 2100 1282 2123 sumus
1310 2091 1381 2124 tuti.

924 2141 1016 2173 Haec
1042 2140 1145 2173 adicit
1171 2149 1228 2171 nos
1257 2140 1380 2178 virtuti,

923 2190 1020 2222 Vires
1048 2189 1148 2221 trucis
1175 2192 1206 2220 et
1234 2189 1356 2220 versuti

972 2239 1075 2271 Doios
1099 2237 1214 2277 procul
1240 2236 1353 2278 abigit.

927 2317 1162 2349 Detumeseunt
1188 2314 1305 2347 fluctus
1333 2314 1421 2359 freti,

926 2366 1022 2397 Ionas
1049 2364 1116 2396 exit
1142 2368 1287 2396 ventrem
1316 2367 1388 2408 ceti,

925 2414 1093 2446 Ninivitae
1118 2412 1199 2445 fiunt
1224 2414 1314 2454 laeti,

974 2462 1165 2495 Desiccatur
1186 2463 1317 2497 hedera.
