1654 2756
678 106 943 143 —302—

840 204 903 238 4b.
934 203 1090 236 Trahitur
1114 200 1156 234 ad
1183 200 1273 234 idola

937 252 1030 293 plebs
1057 250 1179 285 Christi
1205 249 1362 290 libatura,

937 301 991 341 qui
1017 309 1078 333 non
1105 299 1240 332 flectunt
1264 307 1379 339 genna,

939 349 1145 382 trucidantur
1171 347 1290 388 capita.

151 211 204 242 4a.
239 209 361 242 Iudicis
387 208 524 249 imperia

246 257 380 290 Daciani
405 256 545 298 pessima

244 307 420 338 audiuntur
445 314 503 346 per
528 308 596 336 tota

246 354 422 395 Hispaniae
449 353 591 386 climata.

153 454 212 484 5a.
244 451 310 484 Alii
338 451 522 483 cruciantur
843 447 906 480 5b.
938 445 1135 486 Quibusdam
1162 449 1333 485 patescunt

247 509 305 540 per
331 499 460 532 diversa
939 499 1101 527 macerata

248 548 318 579 dire
344 551 574 579 tormentorum
942 549 1038 584 atque
1065 542 1311 582 disrumpuntur

247 605 363 636 genera
374 607 382 634 ς
942 593 1075 625 viscera.

844 688 907 721 6b.
939 687 1011 719 Non
1045 692 1119 718 sunt
1144 691 1250 718 tamen
1278 685 1358 717 haec
1385 685 1482 725 digna

943 741 1030 768 certe
1055 735 1111 767 illa
1138 736 1293 776 pretiosa,

943 794 1005 824 qua
1032 788 1236 821 coronantur,
1266 782 1383 823 gloria.

154 693 213 725 6a.
246 692 335 724 Haec
360 701 419 731 pro
447 691 567 724 Christi
592 690 695 731 gratia

249 741 415 780 patiuntur
441 740 596 780 martyria

250 788 495 819 christianorum
523 787 658 827 agmina.

849 881 866 913 7
879 881 910 915 b.
941 881 1030 913 Haec
1055 880 1255 912 sustulerunt

944 929 1070 960 laetitia

946 977 1141 1019 Vincentius,

945 1024 1065 1057 Sabina
1090 1030 1122 1056 et
1148 1024 1320 1057 christeta.

157 885 218 915 7a.
249 883 311 914 Sed
339 884 438 914 eculei

250 931 404 971 patibula.

251 980 418 1010 tormentis
445 980 577 1018 cunctis,

253 1031 285 1058 ut
314 1027 430 1059 ferunt.
452 1028 610 1068 graviora,

503 1115 535 1148 8.
562 1114 703 1152 Quorum
730 1118 804 1154 post
828 1113 907 1144 haec
935 1112 1105 1152 dignisima

561 1162 655 1194 humo
683 1162 887 1202 deponuntur
913 1170 1049 1200 corpora

563 1210 709 1241 minutim
735 1209 873 1249 flagellis
899 1209 1032 1241 laniata.

237 1296 320 1323 Miss.
343 1296 491 1323 Abulense
513 1297 582 1332 imp.
605 1296 805 1323 Salmanticae
831 1293 912 1322 1510.

575 1417 642 1448 333.
685 1418 726 1448 De
748 1419 857 1448 sancto
879 1415 1074 1447 Wandelino.

855 1497 918 1530 lb.
950 1497 1093 1529 Gloriosi

951 1547 1054 1577 sancti
1080 1545 1267 1578 Wandaliui
1295 1544 1413 1576 festum

1001 1595 1186 1626 Innovatur.

162 1499 220 1532 la.
253 1497 421 1530 Gloriosus

257 1547 371 1579 devote
398 1548 430 1579 in
457 1548 576 1579 sanctis
604 1547 690 1579 Deus

305 1597 480 1635 Adoratur‚

161 1692 222 1725 2³.
256 1691 317 1723 Hic
343 1702 362 1723 a
387 1692 526 1730 pueritia
853 1690 915 1724 ab.
948 1690 1027 1726 Deo,
1055 1690 1188 1722 domans
1216 1689 1304 1728 vitia,

259 1740 372 1772 Scotus
399 1749 468 1770 cum
494 1740 618 1771 laetitia

307 1786 496 1819 Famulatur

166 1885 223 1917 3a.
259 1882 411 1915 Caritatis
437 1882 569 1914 floribus

260 1930 301 1963 Et
329 1932 482 1963 virtutum
509 1930 650 1963 moribus

307 1980 504 2011 Adornatur.

167 2078 228 2109 4a.
264 2075 366 2107 vitam
393 2075 588 2107 eremiticam

266 2123 363 2155 Duxit
391 2128 423 2154 et
449 2124 613 2164 politicam

312 2172 537 2210 Amplexatnr.

169 2271 227 2301 52.
263 2267 370 2299 Visum
397 2272 446 2299 est
470 2269 644 2307 miraculis,

268 2317 363 2349 Latro
391 2316 442 2348 hic
468 2318 531 2349 'non
556 2317 669 2349 iaculis

268 2364 335 2397 Nec
360 2365 537 2405 praedatur
563 2364 688 2405 faculis,

314 2413 488 2446 Gloriatur.

857 1883 919 1918 3b.

858 2075 921 2110 4b.

862 2268 925 2302 5b.

954 1738 1083 1770 Caelica
1110 1737 1226 1769 militia

1002 1785 1223 1819 Consortatur.

952 1882 1093 1915 Servivit
1120 1883 1302 1925 pecoribus,

954 1931 997 1963 Ut
1024 1932 1142 1969 David,
1170 1931 1347 1969 laboribus,

1002 1980 1054 2012 Sic
1081 1986 1243 2014 narratur.
1299 2006 1305 2011 .

954 2077 990 2109 In
1017 2075 1187 2109 Zebennae
1212 2077 1318 2109 loculo

956 2124 1086 2167 Herbis‚
1113 2134 1214 2166 aquae
1240 2126 1356 2166 poculo

1004 2173 1219 2206 Sustentatur.

957 2270 1088 2303 Iunctus
1115 2275 1165 2302 est
1186 2270 1391 2311 caelestibus,

960 2318 1051 2350 Patet
1079 2318 1138 2350 hoc
1166 2317 1218 2350 hic
1244 2319 1380 2352 testibus

958 2366 1096 2408 Magnis
1125 2375 1198 2400 nam
1225 2367 1266 2400 de
1292 2368 1438 2409 pestibus

1010 2414 1106 2448 Plebs
1133 2419 1274 2450 curatur.
