1654 2756
673 105 931 141 —188—

161 209 221 239 52.
248 208 338 240 Haec
363 205 466 247 gratia
492 203 673 237 divinarum

298 255 392 287 Felix
418 252 602 294 primiceria

162 343 221 375 6a.
249 342 345 374 Casta
371 341 515 373 membra
541 348 636 372 cruce
662 341 748 383 terit,

248 388 443 422 Crucifixum
470 388 569 422 corde
594 389 677 428 gerit

275 437 385 470 Crucis
412 447 523 469 amans
549 437 696 477 gloriam.

162 525 217 557 7a.
245 525 308 557 Ore
335 525 423 556 cuius
449 525 606 557 liberatur

247 573 333 605 Gens
360 572 497 613 profana
524 571 708 613 diffugatur,

273 622 441 654 Pelluntur
468 621 647 662 daemonia,

160 709 223 742 Sa.
250 708 356 749 Digna
383 709 464 740 tanti
491 712 670 749 reputatur,

245 757 337 795 Quod
363 755 528 788 infirmans
557 756 732 787 honoratur

296 804 412 844 Pap-ali
439 803 632 844 praesentia.

162 891 220 922 aa.
248 890 383 923 Scandit
410 891 533 923 caelum
560 890 714 932 laureata,

251 939 329 971 Cum
358 938 460 970 beatis
487 939 550 971 iam
578 938 690 980 beata3

299 986 439 1019 Probant
465 985 636 1019 mirabilia.

131 1074 214 1106 10a.
249 1074 347 1114 Virgo
373 1074 480 1115 Clara,

248 1122 325 1153 Tuis
350 1130 430 1162 para

295 1170 427 1201 Devotis
455 1169 605 1210 hospitia.

204 1254 285 1280 Miss.

856 203 918 238 5b.
946 202 1069 244 Greges
1095 201 1185 235 ducit
1209 201 1392 242 puellarum

989 251 1044 284 Ad
1070 250 1193 285 Christi
1219 248 1367 283 conubia.

857 338 918 373 6b.
945 339 971 372 O
997 348 1092 379 quam
1120 337 1201 370 dura
1229 337 1404 370 vestitura!

946 387 1116 419 Macerare
1142 386 1288 418 membra
1315 393 1397 426 pura

993 435 1074 468 Suas
1101 435 1196 468 docet
1221 434 1316 469 filias.

856 522 918 556 7b.
945 522 1031 554 Mire
1057 522 1150 563 panis
1176 524 1413 563 augmentatur,

942 570 1118 612 Oleumque
1145 570 1235 602 caelo
1261 570 1366 610 datur,

991 618 1154 651 Sanantur
1177 617 1376 660 languentia.

856 707 921 740 8b.
948 707 975 738 A
1004 707 1116 747 regina
1143 706 1304 744 visitatur,

947 754 1139 786 Transitura
1165 754 1321 793 palliatur

994 802 1163 842 virginum
1188 802 1346 834 sollertia.

860 889 922 922 ab.
951 889 1026 920 Iure
1052 889 1147 921 Clara
1174 888 1325 930 vocitata⁷

947 936 1044 968 Cuius
1071 937 1173 969 claret
1200 936 1353 968 decorata

997 985 1144 1018 Fletibus
1172 985 1320 1017 ecclesia.

829 1073 871 1106 10
883 1073 913 1104 b.
949 1072 1014 1103 Per
1040 1077 1081 1112 te,
1109 1072 1217 1113 Clara,

949 1121 1029 1153 Sunt
1055 1124 1167 1161 optata

996 1169 1100 1210 Salus,
1128 1168 1229 1211 quies,
1257 1168 1370 1209 gloria.

322 1263 374 1280 nis.
406 1254 785 1282 Romano-Franciscauum
816 1255 1001 1281 Novariense
1036 1256 1107 1281 anni
1145 1251 1227 1285 1478,
1264 1253 1335 1280 Cod-
1366 1254 1463 1289 Capit.

128 1293 287 1319 Novarien.
311 1293 389 1320 XLI.
411 1307 448 1310 —
478 1292 531 1325 5a,
558 1292 568 1318 1
594 1293 676 1320 Haec
699 1295 729 1320 iu
753 1294 859 1328 gratia.
881 1308 917 1312 —-
940 1290 992 1319 Sa.
1015 1290 1033 1319 3
1057 1292 1179 1329 Papale.
1202 1306 1239 1310 —
1263 1291 1330 1321 lob,
1355 1290 1372 1318 2
1394 1292 1464 1319 Fuit

127 1334 240 1367 optata.
262 1346 298 1349 —
342 1333 395 1358 Die
417 1331 565 1358 Abschrift
589 1332 723 1367 besorgte
745 1332 816 1358 Rev.
839 1332 877 1358 H.
902 1332 942 1358 M.
964 1332 1131 1359 Bannister.

504 1444 572 1476 202.
610 1444 651 1474 De
674 1453 715 1475 ss.
740 1444 850 1476 Cosma
870 1447 902 1476 et
924 1444 1086 1476 Damiano.

164 1525 221 1558 la.
250 1524 361 1557 Laude
389 1525 484 1566 digna
511 1526 733 1569 iucundemur,

247 1573 344 1611 Voce,
372 1574 470 1605 corde
497 1583 685 1606 veneremur

292 1622 405 1654 Claros
432 1622 492 1654 Dei
518 1623 654 1664 pugiles,

157 1757 215 1789 2a.
241 1756 363 1788 Ambos
390 1756 514 1788 Arabia
541 1756 641 1794 dedit,

245 1804 355 1836 Turba
381 1805 480 1835 multa
507 1805 576 1837 Deo
603 1805 707 1837 credit

294 1851 380 1893 Ipsis
405 1852 682 1892 praedicantibus.

157 1941 217 1973 3³.
244 1941 326 1972 Arte
353 1938 426 1971 fulti
452 1939 630 1972 medicinae

241 1989 361 2020 Virtuti
387 1989 488 2028 magis
515 1988 643 2020 divinae

289 2036 446 2075 Credunt,
467 2046 561 2077 quam
581 2036 754 2075 scientiae3

153 2126 217 2157 4a.
245 2124 423 2164 Corporum
450 2127 563 2156 sanant
588 2123 758 2164 languores

239 2173 427 2205 Animarum
456 2176 620 2204 curatores

287 2221 473 2252 Adiuvante
499 2221 622 2261 gratia3

154 2310 215 2342 5a.
243 2308 378 2340 Praeses
404 2309 529 2342 audivit
557 2308 683 2351 Lysias,

242 2357 303 2395 Qui
328 2361 514 2390 sauctorum
540 2357 603 2390 Dei
628 2357 698 2390 vias

293 2405 336 2437 Et
365 2406 543 2439 doctrinam
572 2406 684 2448 doluit,

858 1526 919 1560 lb.
946 1526 1093 1558 Cosmam
1119 1530 1215 1566 atque
1241 1525 1445 1564 Damianum,

942 1576 1101 1613 Quantum
1125 1579 1251 1614 spectat
1276 1575 1320 1606 ad
1347 1574 1455 1606 huma-

1211 1632 1284 1655 num

989 1670 1141 1710 Stemma,
1169 1672 1271 1711 stirpe
1298 1671 1434 1704 nobiles.

853 1756 916 1790 2b.
944 1758 1061 1790 Tribus
1088 1767 1159 1791 cum
1187 1758 1343 1791 fratribus
1368 1759 1423 1792 isti

943 1806 1144 1840 Nuntiabant
1171 1817 1286 1839 nomen
1313 1807 1434 1841 Christi

989 1855 1095 1896 Signis
1123 1856 1362 1889 comitantibus.

850 1944 870 1976 3
882 1943 913 1976 b.
941 1943 1074 1976 Morbos
1086 1943 1208 1987 fugant,
1219 1949 1332 1977 curant
1339 1948 1458 1987 pestes,

940 1991 1085 2024 Gratiam
1111 1993 1188 2025 fidei
1214 1997 1313 2026 testes

987 2039 1184 2075 Praedicant
1211 2043 1412 2076 clementiae.

850 2127 916 2159 4b.
946 2127 1062 2160 Curam
1089 2129 1190 2170 gratis
1216 2135 1415 2172 acceperunt

942 2175 1052 2208 Gratis
1078 2183 1109 2209 et
1137 2177 1408 2219 dispensaverunt

990 2224 1166 2258 Terrarum
1192 2235 1252 2266 per
1277 2227 1394 2268 spatia..

854 2311 917 2345 5b.
945 2311 1037 2351 Quod
1065 2312 1208 2346 homines
1235 2318 1266 2346 et
1293 2315 1436 2348 iumenta

946 2359 1123 2401 Curarent3
1149 2363 1272 2395 sanctis
1297 2368 1461 2397 tormenta

993 2409 1107 2442 Intulit
1130 2414 1163 2442 et
1187 2411 1299 2451 voluit,
