1654 2756
739 139 1002 174 —292—

209 235 276 269 4a.
309 236 420 269 Novus
446 240 534 267 ortus
560 235 736 276 legislator,

312 286 415 316 Verus
440 283 517 315 fidei
545 283 677 325 zelator,

360 332 569 364 Praedicator
596 330 751 371 fervidus,

212 422 272 452 ba.
305 418 396 450 Tuba
423 417 539 448 clamat
566 416 728 449 Gedeonis

308 467 432 506 Vulpes
459 470 624 497 exterrens
652 466 814 497 Samsonis

352 516 451 546 Arcet
479 514 569 544 verbi
596 513 712 546 faculis
726 527 734 554 3

204 652 265 682 fia.
300 650 325 682 O
352 649 460 680 lumen
486 648 651 688 ecclesiae⁷

301 698 371 728 Vox
399 696 546 727 caelestis
573 697 706 737 gratiae,

349 744 481 778 Praesul
507 745 689 784 aequitatis,

208 833 269 864 7a.
304 831 397 862 Velut
425 830 560 871 Esdram,
588 830 695 862 scriba
721 831 810 872 legis,

304 880 489 910 instaurare
516 880 628 909 summi
656 879 739 919 regis

353 927 489 966 Templa
515 933 604 958 curat
631 929 734 966 venia,

203 1014 222 1045 8
240 1023 268 1046 a.
302 1013 353 1045 Sic
381 1015 455 1046 dum
480 1019 560 1050 orat,
589 1018 621 1044 ut
641 1014 836 1054 pandantur,

304 1062 412 1102 Signo,
440 1070 544 1092 mersa
572 1063 757 1093 revelantur

352 1110 605 1149 Propinquorum
633 1111 750 1149 capita.

199 1197 219 1228 9
239 1206 266 1228 a.
301 1198 337 1228 ln
365 1195 454 1227 cuius
479 1205 562 1227 nuuc
587 1197 724 1235 insignia

299 1244 403 1284 Digna
432 1240 530 1285 [laeti]
559 1246 731 1283 praeconia

346 1292 561 1330 Modulemur,

200 1378 287 1411 lob.
321 1377 427 1415 Salve,
453 1386 575 1418 gemma
603 1377 832 1417 confessorum,

320 1426 414 1457 Vitae
441 1426 502 1464 via,
531 1425 628 1456 decus
657 1436 788 1469 morum,

367 1474 488 1505 Doctor
513 1474 690 1512 apostolice
702 1485 707 1513 3

902 235 963 269 4b.

902 419 968 452 5b.

899 650 961 684 6b.

898 831 960 866 7b.

897 1016 960 1049 8b.

892 1198 955 1232 9b.

997 236 1091 268 Vitae
1116 233 1243 266 confert
1267 234 1434 273 alimenta,

999 283 1074 316 vivi
1098 282 1247 324 pandens
1273 282 1479 322 documenta,

1048 332 1298 364 Demonstrator
1322 330 1462 363 lucidus.

999 419 1127 451 Damna
1153 417 1282 449 calcans
1308 417 1354 448 nil
1380 417 1514 457 expavit

996 468 1136 508 Propter
1161 464 1270 506 fidem,
1297 475 1392 505 quam
1409 465 1538 506 planta-

1383 515 1429 545 vit

1045 564 1086 596 Se
1112 563 1246 594 tradens
1272 539 1440 603 periculis:

995 650 1092 682 Cuius
1118 659 1157 681 ex
1184 649 1346 681 industria

994 699 1134 732 Consors
1159 699 1278 738 gaudet
1305 698 1422 730 Sueeia

1042 748 1144 780 Facta
1171 747 1330 778 veritatis.

992 832 1046 865 Sol
1073 830 1237 872 refulgens
1264 832 1316 864 hic
1341 833 1374 864 in
1398 833 1532 874 templo,

991 882 1052 922 Qui
1080 881 1235 913 virtutum
1261 881 1321 912 sub
1348 882 1498 922 exemplo

1040 930 1102 961 Tot
1130 929 1183 960 dat
1212 929 1376 962 beneficia.

993 1016 1087 1048 Caeci
1114 1015 1236 1057 vident,
1265 1016 1343 1047 muti
1370 1015 1492 1057 fantur,

991 1065 1089 1104 Signa
1115 1064 1213 1103 signis
1239 1064 1434 1096 innovantur

1040 1113 1104 1145 Per
1129 1111 1265 1153 sigfridi
1291 1113 1416 1144 merita.

987 1199 1032 1231 Ut
1058 1207 1117 1239 per
1143 1198 1210 1229 eius
1237 1198 1390 1239 suffragia

987 1247 1024 1278 In
1051 1247 1182 1278 caelesti
1210 1246 1333 1278 laetitia

1036 1295 1232 1328 Gloriernur.

894 1381 936 1414 10
949 1381 979 1414 b.
1012 1381 1079 1413 Nos
1106 1381 1138 1412 in
1166 1390 1264 1422 regno
1293 1382 1452 1414 claritatis

1014 1431 1221 1470 Expurgatos
1248 1439 1266 1461 a
1292 1432 1435 1470 peccatis

1061 1478 1221 1511 Collocari
1248 1478 1380 1519 perfice.

273 1560 356 1586 Miss.
387 1568 439 1586 ms.
468 1559 633 1594 Upsalense
660 1569 736 1588 saec.
767 1561 811 1591 15.
843 1562 913 1590 Cod.
941 1563 1084 1599 Upsalen.
1114 1563 1136 1590 C
1164 1561 1230 1590 4⁸20.
1259 1577 1297 1581 —
1328 1562 1387 1595 lb,
1416 1563 1434 1592 2
1461 1575 1526 1593 cum

198 1598 294 1633 digne.
311 1613 346 1616 —
368 1598 420 1627 4b,
443 1596 460 1624 ‘2
477 1598 554 1624 Vini.
571 1612 607 1616 —
628 1599 679 1631 5³,
701 1600 718 1625 ἰ),

197 1637 264 1663 bar:
287 1638 321 1664 In
344 1637 465 1664 caelesti
488 1636 641 1664 ierarchia.

739 1601 839 1628 verba.
853 1616 890 1620 —
913 1601 962 1634 Ta,
983 1600 1002 1629 3
1022 1606 1105 1629 curat
1126 1603 1217 1628 veria.
1233 1616 1270 1620 —
1285 1603 1416 1631 Melodie
1438 1605 1526 1632 offen-

624 1750 692 1781 323.
735 1751 776 1782 De
800 1754 909 1784 sancto
930 1753 1099 1794 Stephano.

617 1841 647 1873 1.
676 1841 803 1874 Caelica
829 1847 959 1875 caterva
984 1845 1104 1884 psallat

673 1889 785 1922 laudes
810 1891 880 1924 Deo
905 1901 965 1933 per
990 1893 1106 1927 saecla.

197 1977 257 2007 2³.
291 1974 447 2015 Stephani
472 1980 582 2014 proto·

291 2029 444 2064 martyris
470 2028 604 2063 tropaea

195 2112 254 2144 3a.
288 2112 387 2150 Quem
415 2110 580 2149 elegerunt

292 2160 395 2190 sancti
420 2160 559 2198 apostoli

291 2207 410 2239 virtute
436 2207 566 2247 plenum

291 2261 320 2287 et
348 2256 464 2296 gratia.

194 2347 254 2375 43.
288 2344 415 2384 Poplite
440 2348 573 2375 curvato
599 2350 689 2385 rogat

289 2392 462 2424 Dominum
488 2393 609 2424 remitti

290 2441 401 2482 populi
427 2441 614 2481 nequitiam.

888 1979 951 2012 2b.

888 2115 949 2148 3b.

889 2348 949 2380 4b.

984 1980 1190 2013 Celebremus
1218 1991 1289 2014 cum

983 2038 1077 2061 sacra
1102 2030 1242 2062 melodia
1255 2043 1262 2070 3

981 2117 1035 2148 Ad
1063 2118 1210 2149 dextram
1237 2121 1340 2159 patris

982 2166 1094 2198 videre
1120 2168 1237 2199 meruit

981 2213 1082 2246 filium
1108 2214 1179 2254 ipse

982 2263 1139 2303 agonista.

985 2349 1130 2382 Natalita
1156 2351 1258 2391 ipsius

984 2408 1042 2430 nos
1068 2407 1178 2431 omues
1204 2408 1341 2434 ovanter

984 2447 1195 2492 celebremus,
1222 2459 1274 2493 en,
1300 2453 1376 2492 quia
