1654 2756
724 120 962 156 ..30-

191 223 210 255 5
223 230 252 254 a.
279 221 398 254 Sacrae
423 219 538 253 frontis
887 217 946 250 5b.
974 215 1180 249 Christianae

277 269 402 309 insigne
429 273 460 300 et
486 273 572 305 nota,
973 263 1091 296 mentis
1115 260 1174 308 [et]
1201 264 1328 296 animae

276 327 338 358 qua
367 317 595 350 discernuntur
973 321 1036 352 qua
1063 315 1297 344 conservantur

278 365 363 405 regis
391 365 528 406 agmina,
974 360 1060 392 bona
1084 360 1202 394 omnia.

189 465 246 496 6a.
277 462 349 493 Iesu
373 461 465 503 bone,
886 457 948 492 6b.
978 459 1014 490 In
1033 459 1166 490 tutelam

277 514 309 541 te
335 509 474 541 libenter
500 508 612 541 laudat
974 510 1117 538 nostram
1145 506 1375 546 sempiternam

279 558 350 590 Vox
379 561 407 588 et
435 558 530 590 simul
557 556 744 595 coniubilat,
974 554 1018 586 Et
1043 554 1180 587 salutem
1207 559 1240 586 et
1264 555 1418 596 gratiam3

277 607 338 646 Qui
366 606 486 639 dedisti
512 615 638 638 crucem
665 608 752 637 tuam
975 603 1109 636 Crucem
1137 611 1263 644 qnoque
1289 611 1482 635 veneramur

192 705 251 737 7a.
278 704 380 736 Tuam
406 706 551 736 sanctam
892 700 951 735 7b.
980 700 1143 733 Conserva
1167 710 1236 741 nos,

285 751 381 783 simul
407 756 503 792 atque
529 749 742 784 salutiferam.
979 749 1134 789 salvator,
1159 749 1296 790 benigne
1323 757 1382 790 per
1400 748 1518 789 ipsam.

591 848 623 880 8.
651 847 711 887 Qui
737 845 820 879 vivis
846 848 879 876 et
904 854 1019 886 regnas

648 895 681 926 in
709 894 811 934 patris
838 897 870 925 et
896 893 1030 933 spiritus

647 943 751 975 sancti
779 942 894 983 gratia.

260 1040 347 1068 Grad.
379 1049 432 1067 ms.
454 1040 649 1067 Vedastinum
677 1047 753 1066 saec.
779 1035 853 1064 ¹⁸l14.
895 1036 965 1064 Cod.
993 1036 1165 1065 Atrebaten.
1190 1035 1272 1064 1011.
1293 1053 1331 1056 —
1351 1035 1404 1070 2a,
1426 1035 1444 1064 2
1463 1037 1521 1064 Mit

185 1076 404 1115 „frequentate“
434 1080 482 1105 ein
510 1079 620 1105 Absatz
647 1077 739 1104 durch
767 1076 897 1104 Initiale.
918 1090 955 1094 —
985 1074 1034 1106 Ga,
1057 1074 1075 1102 3
1096 1075 1137 1103 Et
1162 1085 1222 1103 vox
1247 1076 1346 1103 simul.
1366 1091 1404 1095 —
1426 1074 1479 1109 7³,
1504 1074 1518 1102 1

185 1118 279 1145 Keine
294 1117 425 1144 Initiale.
438 1131 475 1136 —·
491 1117 548 1144 Str.
563 1115 582 1144 8
602 1117 657 1143 mit
677 1115 693 1142 7
704 1117 722 1143 b
745 1115 821 1142 ohne
836 1114 955 1142 Initiale
969 1114 1150 1143 verbunden.
1165 1129 1203 1133 —
1219 1116 1279 1142 Der
1293 1115 1520 1142 Parallelismus

185 1157 238 1183 der
258 1155 386 1183 Melodie
415 1157 454 1183 ist
480 1155 608 1183 vielfach
637 1154 822 1187 verwildert,
849 1152 988 1180 wahrend
1016 1162 1048 1180 er
1068 1154 1191 1180 textlich
1212 1153 1295 1181 recht
1314 1158 1367 1190 gut
1387 1153 1522 1190 gewahrt

186 1194 341 1222 erscheint.

590 1287 633 1317 15.
667 1286 700 1317 111
722 1285 964 1319 Resurrectione
986 1284 1115 1316 Domini.

538 1379 567 1411 1.
596 1377 736 1418 Christe,
764 1385 830 1418 rex,
860 1375 942 1407 bone
965 1375 1113 1415 Domine,

594 1429 626 1457 te
654 1425 748 1457 decet
772 1424 842 1456 laus
868 1433 1001 1457 summa.

199 1516 259 1548 2a.
287 1514 367 1546 Esto
396 1513 562 1546 vivificans
588 1513 694 1545 omnia
897 1511 956 1544 2b.
985 1512 1234 1546 Resurrectione
1259 1515 1375 1549 nitida.

201 1604 261 1636 3a.
290 1601 424 1640 Suscipe
450 1605 525 1633 vota
896 1600 955 1632 3b.
984 1599 1132 1640 Fragiles
1155 1611 1212 1634 nos
1238 1602 1301 1634 iam

287 1650 348 1680 tibi
379 1648 499 1688 fidelia,
987 1653 1085 1688 tuque
1112 1651 1292 1684 considera.

200 1739 260 1770 4a.
290 1737 391 1768 Parce
419 1737 481 1777 pie,
512 1737 595 1768 dona
897 1734 957 1767 4b.
984 1735 1106 1775 Quibus
1132 1737 1174 1768 ad
1200 1743 1233 1768 te
1258 1741 1369 1769 nostra

289 1785 424 1817 misellis
450 1789 528 1825 apta
553 1784 714 1825 suffragia,
985 1784 1180 1825 propinquet
1188 1795 1261 1825 vox,
1272 1795 1362 1818 mens
1370 1786 1525 1818 etanima.

202 1875 260 1907 5a.
288 1873 358 1904 Vox
385 1873 475 1905 clara
502 1876 606 1913 canat,
898 1872 957 1905 5b.
985 1872 1039 1904 Sic
1064 1874 1168 1905 omnis
1194 1873 1288 1906 homo

288 1931 377 1953 mens
403 1922 576 1960 discernat,
986 1925 1018 1952 te
1046 1921 1234 1954 collaudans

287 1970 485 2002 hilarescant
511 1970 635 2003 intima.
987 1970 1143 2010 adiungat
1169 1971 1366 2011 prosodiam.

202 2060 261 2091 fla.
290 2058 427 2098 Triplex
456 2058 559 2091 deitas
901 2057 963 2091 6b.
991 2057 1016 2090 Ο
1045 2058 1122 2098 vita,
1150 2059 1249 2101 salus,

292 2111 322 2138 et
349 2115 424 2149 una,
451 2107 545 2139 nobis
571 2106 711 2138 concede
989 2115 1108 2147 perpes
1135 2108 1196 2139 tibi
1221 2108 1263 2140 sit
1289 2108 1401 2149 gloria,

292 2156 427 2198 (patris)
455 2155 607 2196 organica
634 2155 770 2195 cantica,
989 2155 1172 2199 imperium,
1202 2157 1366 2195 maiestas,

293 2213 375 2244 quae
401 2205 495 2237 simul
521 2213 631 2236 omnes
991 2205 1095 2236 virtus
1121 2209 1153 2237 et
1179 2206 1282 2237 honor

293 2252 401 2284 dicant
428 2262 487 2295 per
512 2253 657 2286 saecula:
994 2262 1054 2293 per
1080 2257 1195 2285 cuncta
1216 2253 1355 2287 saecula.

273 2338 359 2365 Miss.
375 2339 564 2367 Tornacense
586 2341 656 2376 imp.
673 2340 800 2367 Parisiis
817 2338 899 2368 1498.
914 2341 949 2368 A.
963 2354 1001 2360 —
1016 2340 1102 2367 Miss.
1116 2341 1306 2368 Tornacense
1321 2342 1392 2377 imp.
1407 2342 1536 2370 Parisiis

198 2374 281 2404 1509.
303 2377 336 2403 Β.
362 2392 397 2396 -
417 2379 502 2405 Miss.
526 2380 716 2407 Tornacense
737 2380 807 2416 imp.
822 2380 1012 2416 Antwerpiae
1036 2376 1118 2406 1540.
1134 2380 1165 2407 C.
1182 2394 1218 2398 —
1232 2380 1317 2406 Miss.
1332 2381 1536 2410 Noviomense

198 2417 267 2452 imp.
283 2415 463 2453 Rothomagi
487 2416 569 2445 1506.
585 2419 621 2445 D.
643 2433 681 2437 —
701 2417 758 2452 4b,
780 2417 798 2446 2
818 2428 878 2446 nox
898 2427 981 2446 mens
996 2418 1031 2444 A.
1045 2432 1084 2436 —
1098 2417 1153 2451 5b,
1165 2416 1183 2445 2
1197 2427 1264 2446 cum
1278 2419 1384 2447 laudes
1399 2420 1486 2448 ABG.
1497 2435 1535 2440 —

196 2453 247 2488 5b,
270 2454 287 2482 3
309 2456 449 2492 prosodia
470 2458 554 2484 ABC.
577 2472 613 2476 —
635 2455 688 2490 61³,
711 2456 728 2485 5
750 2458 937 2486 saeculorum
957 2457 1077 2484 saecula
1098 2457 1184 2486 ABG.
