1654 2756
189 246 207 279 7
219 255 249 280 a.
277 246 373 280 Nunc
393 249 544 282 accendit
561 259 688 283 omnem
706 259 818 282 sexum

276 296 477 331 Gaudiorum
505 307 565 339 per
589 300 775 342 amplexum

323 345 451 380 Mariae
477 349 647 389 conceptio
659 360 666 388 3

187 422 248 458 Sa.
275 423 365 464 Ergo
393 429 528 458 matrem
553 425 726 458 salvatoris

275 472 376 505 Fides
401 474 510 506 cordis
537 477 569 505 et
594 483 656 506 vox
683 473 749 505 oris

324 521 458 554 Exaltet
485 523 518 554 in
544 522 646 554 iubilo
659 533 666 562 3

882 249 940 283 7b.
969 250 1056 288 Quae
1082 259 1101 282 a
1127 249 1197 282 Deo
1223 248 1410 290 praeelecta

967 299 1091 332 Christi
1117 301 1221 331 mater
1247 301 1296 330 est
1323 297 1440 330 effecta

1014 347 1086 381 Tali
1111 348 1275 380 vaticinio.

878 426 898 458 8
908 425 938 456 b.
967 427 1030 458 Per
1037 425 1283 466 quamChristus
1291 433 1349 456 nos
1357 421 1518 468 [absolvat

963 474 993 505 A
1020 474 1175 514 peccatis
1202 471 1254 518 ne]
1283 473 1427 505 involvat

1017 523 1054 554 In
1081 531 1258 563 poenarum
1286 521 1407 561 nubilo,

612 601 644 634 9.
674 599 738 632 Sed
761 599 896 640 perenni

722 647 930 689 perfruamur
955 648 1086 688 gaudio.

252 724 336 750 Miss.
358 723 530 751 Mutinense
552 724 622 760 imp.
644 725 803 760 Rotomagi
829 721 911 752 1516.
927 724 964 750 A.
981 739 1018 744 —
1033 726 1117 752 Miss.
1132 725 1304 752 Morinense
1326 725 1411 760 impr.
1427 725 1516 752 Roto-

175 763 254 797 magi
280 759 361 789 1523.
385 763 418 789 B.
440 778 477 782 —
499 761 551 796 71),
573 761 590 790 3
611 764 681 791 Tibi
704 763 739 790 A.

611 877 666 909 40.
698 877 731 908 ln
755 875 962 918 conceptione
984 877 1073 909 BMV.

611 953 641 982 1.
670 946 776 984 Mater
802 950 886 991 regis
916 950 1042 991 summi,

672 999 734 1031 Dei
760 998 837 1040 filia,

669 1047 766 1078 hodie
792 1047 901 1078 Maria

671 1094 751 1126 mire
779 1098 947 1135 concepta.

872 1162 932 1195 2b.
961 1159 1012 1195 Tu
1038 1162 1141 1194 vellus
1169 1163 1345 1202 Gedeonis,

266 1220 306 1243 ex
333 1210 436 1250 stirpe
464 1210 571 1242 David
961 1210 1124 1242 Samsonis
1152 1211 1262 1250 robur,

268 1263 301 1291 et
326 1259 438 1290 radice
465 1260 553 1291 Iesse
960 1260 1059 1291 decus
1086 1259 1274 1298 Absalonis‚

268 1316 409 1349 egressa,
959 1307 1132 1348 praecellis

266 1361 378 1389 contra
403 1357 585 1388 naturalem
957 1357 991 1388 in
1018 1357 1149 1389 modum
1174 1360 1290 1397 totum,

262 1406 433 1438 decursum
462 1409 567 1445 parta.
959 1406 1044 1445 quod
1073 1406 1157 1445 capit
1186 1406 1286 1438 orbis.

181 1164 243 1198 2a.
273 1159 357 1203 Ave,
385 1167 481 1202 porta
508 1162 627 1203 clausa,

175 1475 234 1506 32.
265 1471 352 1506 llaec
375 1473 477 1505 nubes
504 1473 597 1515 lenis,
868 1472 927 1507 3b.
956 1470 1027 1506 Eva
1055 1473 1221 1505 oboedivit

269 1531 368 1561 super
393 1531 487 1562 quam
957 1522 1115 1562 serpenti,

266 1570 428 1602 scandens
448 1570 606 1603 Dominus
624 1572 808 1611 Aegyptum
958 1571 1048 1602 cuius
1076 1573 1174 1610 caput
1199 1570 1355 1603 contrivit
1383 1573 1475 1613 virga

263 1624 312 1651 est
338 1619 514 1660 ingressus,
957 1620 1037 1652 haec
1062 1621 1184 1661 Aaron,

955 1669 1049 1701 arida
1075 1677 1158 1708 quae
1185 1667 1297 1701 florem

956 1718 1067 1758 genuit
1093 1720 1177 1748 teste
1205 1718 1378 1761 propheta.

262 1672 298 1700 ut
324 1673 605 1701 commoverentur

258 1717 347 1749 idola
373 1727 392 1748 a
421 1716 505 1749 facie
532 1717 612 1750 eius.

169 1786 230 1818 4a.
258 1782 309 1819 Ut
335 1785 461 1825 virgula
488 1785 566 1818 fumi
866 1787 926 1820 4b.
954 1783 1060 1819 Stella
1086 1787 1196 1827 maris,
1227 1787 1338 1819 hortus

256 1843 316 1874 per
343 1834 506 1866 desertum
533 1836 681 1867 ascendit
953 1836 1135 1873 conclusae,
1163 1845 1258 1876 quam
1287 1836 1444 1869 Dominus

257 1892 296 1915 ex
323 1892 452 1915 murrae
480 1888 512 1916 et
537 1884 618 1915 turis
953 1884 994 1917 ab
1022 1889 1155 1917 aeterno
1183 1885 1328 1924 possedit

255 1932 458 1964 aromatibus
953 1939 987 1966 et
1012 1943 1052 1966 ex
1078 1934 1233 1974 antiquis,

257 1990 296 2013 ac
321 1981 465 2014 universi
489 1981 634 2023 pulveris
954 1987 1128 2024 antequam
1155 1986 1243 2015 terra
1268 1982 1372 2021 fieret,

256 2031 475 2071 pigmentarii.
953 2032 1130 2064 ordinavit.

167 2100 228 2131 52.
258 2094 403 2131 Historia
429 2099 548 2138 probat
866 2100 926 2135 5b.
956 2098 1122 2134 Uirtutuni
1150 2100 1239 2131 cuius
1266 2100 1348 2131 odor

254 2147 447 2190 Angue-ana,
469 2147 554 2188 quod
574 2146 692 2181 festum
712 2148 798 2181 istud
955 2154 1101 2181 aromata
1128 2158 1226 2188 super
1252 2149 1370 2191 omnia,

251 2196 474 2237 conceptionis
954 2199 1046 2239 virgo
1073 2197 1192 2239 Maria,

250 2246 444 2278 miraculose
472 2250 521 2279 est
546 2247 667 2279 iussum
954 2248 987 2279 in
1015 2251 1048 2278 et
1076 2250 1150 2278 ante
1177 2251 1207 2276 ct
1235 2250 1309 2286 post
1335 2252 1464 2287 partum

247 2294 408 2327 celebrari
955 2296 1113 2327 inviolata

955 2343 1183 2384 permansisti3
1211 2344 1267 2388 sic,
1298 2348 1335 2376 ut
1360 2350 1392 2378 te

954 2394 1110 2433 figuraret
1134 2395 1224 2434 typo,

955 2442 1054 2474 rubus
1063 2441 1223 2482 quondam
1231 2452 1394 2484 apparens
1401 2445 1511 2487 Moysi

954 2495 1179 2531 permanserat
1204 2492 1439 2527 incombustus.

247 2348 340 2378 sexto
354 2344 431 2376 Idus
450 2344 569 2377 mensis
584 2344 786 2384 Decembris,

245 2397 291 2434 ut,
319 2393 374 2434 qui
400 2394 571 2435 praecepit

243 2442 404 2476 honorare
425 2446 590 2484 parentes,
618 2451 709 2475 suam
728 2451 789 2482 pro

244 2496 312 2525 toto
338 2491 515 2526 honoraret
539 2496 687 2526 matrem.
