<?xml version="1.0" encoding="UTF-8"?>
<!DOCTYPE html PUBLIC "-//W3C//DTD XHTML 1.0 Transitional//EN"
    "http://www.w3.org/TR/xhtml1/DTD/xhtml1-transitional.dtd">
<html xmlns="http://www.w3.org/1999/xhtml" xml:lang="en" lang="en">
 <head>
  <title>
</title>
<meta http-equiv="Content-Type" content="text/html;charset=utf-8" />
  <meta name='ocr-system' content='tesseract 3.04.00' />
  <meta name='ocr-capabilities' content='ocr_page ocr_carea ocr_par ocr_line ocrx_word'/>
</head>
<body>
  <div class='ocr_page' id='page_1' title='image "./analectahymnica42drevuoft_0139.png"; bbox 0 0 1654 2756; ppageno 0'>
   <div class='ocr_carea' id='block_1_1' title="bbox 157 122 1487 356">
    <p class='ocr_par' dir='ltr' id='par_1_1' title="bbox 157 122 1487 356">
     <span class='ocr_line' id='line_1_1' title="bbox 688 122 953 158; baseline 0.004 -1"><span class='ocrx_word' id='word_1_1' title='bbox 688 143 731 148; x_wconf 97' lang='lat'><strong>—</strong></span> <span class='ocrx_word' id='word_1_2' title='bbox 785 122 854 158; x_wconf 81' lang='lat'>136</span> <span class='ocrx_word' id='word_1_3' title='bbox 903 142 953 148; x_wconf 93' lang='lat'><strong>—</strong></span> 
     </span>
     <span class='ocr_line' id='line_1_2' title="bbox 157 215 1487 262; baseline -0.004 -10"><span class='ocrx_word' id='word_1_4' title='bbox 157 220 198 252; x_wconf 91' lang='lat'>11</span> <span class='ocrx_word' id='word_1_5' title='bbox 211 229 241 252; x_wconf 88' lang='lat' dir='ltr'>a.</span> <span class='ocrx_word' id='word_1_6' title='bbox 269 219 323 252; x_wconf 90' lang='lat' dir='ltr'>Sic</span> <span class='ocrx_word' id='word_1_7' title='bbox 341 226 535 262; x_wconf 82' lang='lat' dir='ltr'>exspectans</span> <span class='ocrx_word' id='word_1_8' title='bbox 554 219 785 260; x_wconf 85' lang='lat' dir='ltr'>repromissum</span> <span class='ocrx_word' id='word_1_9' title='bbox 856 220 941 253; x_wconf 88' lang='lat' dir='ltr'>11b.</span> <span class='ocrx_word' id='word_1_10' title='bbox 968 219 1104 252; x_wconf 87' lang='lat' dir='ltr'>Demum</span> <span class='ocrx_word' id='word_1_11' title='bbox 1125 223 1230 252; x_wconf 84' lang='lat' dir='ltr'>mater</span> <span class='ocrx_word' id='word_1_12' title='bbox 1240 222 1330 252; x_wconf 82' lang='lat' dir='ltr'>astra</span> <span class='ocrx_word' id='word_1_13' title='bbox 1344 215 1487 255; x_wconf 83' lang='lat' dir='ltr'><strong>scandit,</strong></span> 
     </span>
     <span class='ocr_line' id='line_1_3' title="bbox 268 263 1486 309; baseline -0.004 -9"><span class='ocrx_word' id='word_1_14' title='bbox 268 267 424 308; x_wconf 85' lang='lat' dir='ltr'>Spiritum</span> <span class='ocrx_word' id='word_1_15' title='bbox 452 279 470 301; x_wconf 86' lang='lat' dir='ltr'>a</span> <span class='ocrx_word' id='word_1_16' title='bbox 495 273 590 309; x_wconf 88' lang='lat' dir='ltr'>patre</span> <span class='ocrx_word' id='word_1_17' title='bbox 616 268 749 300; x_wconf 87' lang='lat' dir='ltr'>missum</span> <span class='ocrx_word' id='word_1_18' title='bbox 969 267 1081 300; x_wconf 86' lang='lat' dir='ltr'><strong>Nostri</strong></span> <span class='ocrx_word' id='word_1_19' title='bbox 1100 277 1222 300; x_wconf 89' lang='lat' dir='ltr'>memor</span> <span class='ocrx_word' id='word_1_20' title='bbox 1235 275 1350 308; x_wconf 82' lang='lat' dir='ltr'>preces</span> <span class='ocrx_word' id='word_1_21' title='bbox 1367 263 1486 306; x_wconf 82' lang='lat' dir='ltr'><strong>pandit</strong></span> 
     </span>
     <span class='ocr_line' id='line_1_4' title="bbox 314 315 1277 356; baseline 0.001 -8"><span class='ocrx_word' id='word_1_22' title='bbox 314 316 450 349; x_wconf 83' lang='lat' dir='ltr'>Davidis</span> <span class='ocrx_word' id='word_1_23' title='bbox 477 316 650 356; x_wconf 78' lang='lat' dir='ltr'>cenaculo3</span> <span class='ocrx_word' id='word_1_24' title='bbox 1016 316 1090 348; x_wconf 88' lang='lat' dir='ltr'>lesu</span> <span class='ocrx_word' id='word_1_25' title='bbox 1115 325 1173 348; x_wconf 86' lang='lat' dir='ltr'>suo</span> <span class='ocrx_word' id='word_1_26' title='bbox 1198 315 1277 349; x_wconf 88' lang='lat' dir='ltr'>filio.</span> 
     </span>
    </p>
   </div>
   <div class='ocr_carea' id='block_1_2' title="bbox 153 410 1433 454">
    <p class='ocr_par' dir='ltr' id='par_1_2' title="bbox 153 410 1433 454">
     <span class='ocr_line' id='line_1_5' title="bbox 153 410 1433 454; baseline -0.004 -10"><span class='ocrx_word' id='word_1_27' title='bbox 153 413 194 444; x_wconf 86' lang='lat'>12</span> <span class='ocrx_word' id='word_1_28' title='bbox 206 421 234 445; x_wconf 83' lang='lat' dir='ltr'>a.</span> <span class='ocrx_word' id='word_1_29' title='bbox 263 412 346 443; x_wconf 87' lang='lat' dir='ltr'>Nam</span> <span class='ocrx_word' id='word_1_30' title='bbox 360 420 393 442; x_wconf 86' lang='lat' dir='ltr'>se</span> <span class='ocrx_word' id='word_1_31' title='bbox 400 417 535 444; x_wconf 86' lang='lat' dir='ltr'>matrem</span> <span class='ocrx_word' id='word_1_32' title='bbox 543 413 603 444; x_wconf 87' lang='lat' dir='ltr'>scit</span> <span class='ocrx_word' id='word_1_33' title='bbox 610 411 788 454; x_wconf 85' lang='lat' dir='ltr'>amborum,</span> <span class='ocrx_word' id='word_1_34' title='bbox 857 413 901 446; x_wconf 86' lang='lat'>12</span> <span class='ocrx_word' id='word_1_35' title='bbox 912 412 943 446; x_wconf 91' lang='lat' dir='ltr'>b.</span> <span class='ocrx_word' id='word_1_36' title='bbox 971 412 1017 446; x_wconf 84' lang='lat' dir='ltr'>Ut</span> <span class='ocrx_word' id='word_1_37' title='bbox 1041 415 1074 444; x_wconf 87' lang='lat' dir='ltr'>et</span> <span class='ocrx_word' id='word_1_38' title='bbox 1098 412 1179 453; x_wconf 87' lang='lat' dir='ltr'>ipsis</span> <span class='ocrx_word' id='word_1_39' title='bbox 1206 412 1260 444; x_wconf 85' lang='lat' dir='ltr'>det</span> <span class='ocrx_word' id='word_1_40' title='bbox 1286 410 1433 443; x_wconf 86' lang='lat' dir='ltr'>laborum</span> 
     </span>
    </p>
   </div>
   <div class='ocr_carea' id='block_1_3' title="bbox 141 458 1488 889">
    <p class='ocr_par' dir='ltr' id='par_1_3' title="bbox 141 458 1488 889">
     <span class='ocr_line' id='line_1_6' title="bbox 270 458 1454 502; baseline -0.004 -11"><span class='ocrx_word' id='word_1_41' title='bbox 270 460 323 491; x_wconf 87' lang='lat' dir='ltr'>Sic</span> <span class='ocrx_word' id='word_1_42' title='bbox 349 460 483 492; x_wconf 87' lang='lat' dir='ltr'>salutem</span> <span class='ocrx_word' id='word_1_43' title='bbox 510 461 695 502; x_wconf 83' lang='lat' dir='ltr'>angelorum</span> <span class='ocrx_word' id='word_1_44' title='bbox 970 461 1093 493; x_wconf 87' lang='lat' dir='ltr'>Loculo</span> <span class='ocrx_word' id='word_1_45' title='bbox 1121 469 1253 501; x_wconf 84' lang='lat' dir='ltr'>regnum</span> <span class='ocrx_word' id='word_1_46' title='bbox 1281 458 1454 493; x_wconf 77' lang='lat' dir='ltr'>caelorum,</span> 
     </span>
     <span class='ocr_line' id='line_1_7' title="bbox 270 508 1407 548; baseline -0.004 -8"><span class='ocrx_word' id='word_1_47' title='bbox 270 509 443 540; x_wconf 81' lang='lat' dir='ltr'>Permanet</span> <span class='ocrx_word' id='word_1_48' title='bbox 469 512 500 540; x_wconf 91' lang='lat' dir='ltr'>et</span> <span class='ocrx_word' id='word_1_49' title='bbox 526 510 727 548; x_wconf 86' lang='lat' dir='ltr'>miserorum,</span> <span class='ocrx_word' id='word_1_50' title='bbox 970 509 1014 541; x_wconf 91' lang='lat' dir='ltr'>Et</span> <span class='ocrx_word' id='word_1_51' title='bbox 1039 509 1082 540; x_wconf 88' lang='lat' dir='ltr'>ad</span> <span class='ocrx_word' id='word_1_52' title='bbox 1106 509 1201 540; x_wconf 89' lang='lat' dir='ltr'>sedes</span> <span class='ocrx_word' id='word_1_53' title='bbox 1229 508 1407 539; x_wconf 89' lang='lat' dir='ltr'>electorum</span> 
     </span>
     <span class='ocr_line' id='line_1_8' title="bbox 269 555 1388 597; baseline -0.002 -10"><span class='ocrx_word' id='word_1_54' title='bbox 269 556 451 596; x_wconf 88' lang='lat' dir='ltr'>Pauperum</span> <span class='ocrx_word' id='word_1_55' title='bbox 479 561 509 588; x_wconf 87' lang='lat' dir='ltr'>et</span> <span class='ocrx_word' id='word_1_56' title='bbox 536 558 755 597; x_wconf 89' lang='lat' dir='ltr'>orphanorum</span> <span class='ocrx_word' id='word_1_57' title='bbox 969 557 1138 588; x_wconf 83' lang='lat' dir='ltr'>Ducantur</span> <span class='ocrx_word' id='word_1_58' title='bbox 1163 561 1195 588; x_wconf 85' lang='lat' dir='ltr'>et</span> <span class='ocrx_word' id='word_1_59' title='bbox 1220 555 1388 587; x_wconf 85' lang='lat' dir='ltr'>beatorum</span> 
     </span>
     <span class='ocr_line' id='line_1_9' title="bbox 316 603 1366 647; baseline -0.002 -12"><span class='ocrx_word' id='word_1_60' title='bbox 316 605 353 635; x_wconf 93' lang='lat' dir='ltr'>In</span> <span class='ocrx_word' id='word_1_61' title='bbox 381 606 501 637; x_wconf 90' lang='lat' dir='ltr'>mundo</span> <span class='ocrx_word' id='word_1_62' title='bbox 527 605 668 647; x_wconf 89' lang='lat' dir='ltr'>uberius,</span> <span class='ocrx_word' id='word_1_63' title='bbox 1017 605 1084 637; x_wconf 92' lang='lat' dir='ltr'>Piis</span> <span class='ocrx_word' id='word_1_64' title='bbox 1110 605 1176 636; x_wconf 88' lang='lat' dir='ltr'>suis</span> <span class='ocrx_word' id='word_1_65' title='bbox 1202 603 1366 644; x_wconf 65' lang='lat' dir='ltr'>precibus</span> 
     </span>
     <span class='ocr_line' id='line_1_10' title="bbox 224 696 1487 733; baseline -0.006 -4"><span class='ocrx_word' id='word_1_66' title='bbox 224 700 314 727; x_wconf 85' lang='lat' dir='ltr'>Grad.</span> <span class='ocrx_word' id='word_1_67' title='bbox 341 710 394 726; x_wconf 78' lang='lat' dir='ltr'>ms.</span> <span class='ocrx_word' id='word_1_68' title='bbox 423 701 587 729; x_wconf 83' lang='lat' dir='ltr'>Praedicat.</span> <span class='ocrx_word' id='word_1_69' title='bbox 614 699 814 728; x_wconf 85' lang='lat' dir='ltr'>Insulensium</span> <span class='ocrx_word' id='word_1_70' title='bbox 842 699 989 733; x_wconf 82' lang='lat' dir='ltr'>(Arosiae)</span> <span class='ocrx_word' id='word_1_71' title='bbox 1018 707 1094 726; x_wconf 85' lang='lat' dir='ltr'>saec.</span> <span class='ocrx_word' id='word_1_72' title='bbox 1126 697 1200 726; x_wconf 75' lang='lat' dir='ltr'><em>¹5l16.</em></span> <span class='ocrx_word' id='word_1_73' title='bbox 1243 697 1314 725; x_wconf 84' lang='lat' dir='ltr'>cod.</span> <span class='ocrx_word' id='word_1_74' title='bbox 1342 696 1487 732; x_wconf 86' lang='lat' dir='ltr'>Upsalen.</span> 
     </span>
     <span class='ocr_line' id='line_1_11' title="bbox 141 735 1487 773; baseline -0.004 -7"><span class='ocrx_word' id='word_1_75' title='bbox 141 740 164 766; x_wconf 88' lang='lat' dir='ltr'>C</span> <span class='ocrx_word' id='word_1_76' title='bbox 193 737 258 766; x_wconf 86' lang='lat'>513.</span> <span class='ocrx_word' id='word_1_77' title='bbox 289 740 326 764; x_wconf 84' lang='lat' dir='ltr'>A.</span> <span class='ocrx_word' id='word_1_78' title='bbox 356 753 392 758; x_wconf 94' lang='lat'>—</span> <span class='ocrx_word' id='word_1_79' title='bbox 422 740 505 767; x_wconf 89' lang='lat' dir='ltr'>Miss.</span> <span class='ocrx_word' id='word_1_80' title='bbox 535 740 670 766; x_wconf 84' lang='lat' dir='ltr'>Aboense</span> <span class='ocrx_word' id='word_1_81' title='bbox 699 740 768 773; x_wconf 86' lang='lat' dir='ltr'>imp.</span> <span class='ocrx_word' id='word_1_82' title='bbox 796 738 935 765; x_wconf 88' lang='lat' dir='ltr'>Lubecae</span> <span class='ocrx_word' id='word_1_83' title='bbox 965 735 1048 764; x_wconf 81' lang='lat'>1488.</span> <span class='ocrx_word' id='word_1_84' title='bbox 1075 738 1107 764; x_wconf 89' lang='lat' dir='ltr'>B.</span> <span class='ocrx_word' id='word_1_85' title='bbox 1130 752 1162 756; x_wconf 92' lang='lat'><em>-</em></span> <span class='ocrx_word' id='word_1_86' title='bbox 1191 735 1240 769; x_wconf 86' lang='lat' dir='ltr'>la,</span> <span class='ocrx_word' id='word_1_87' title='bbox 1263 735 1276 762; x_wconf 90' lang='lat'>1</span> <span class='ocrx_word' id='word_1_88' title='bbox 1306 744 1365 772; x_wconf 84' lang='lat' dir='ltr'>quo</span> <span class='ocrx_word' id='word_1_89' title='bbox 1393 735 1428 761; x_wconf 82' lang='lat' dir='ltr'>A.</span> <span class='ocrx_word' id='word_1_90' title='bbox 1451 750 1487 754; x_wconf 97' lang='lat'><strong>—</strong></span> 
     </span>
     <span class='ocr_line' id='line_1_12' title="bbox 143 770 1487 811; baseline -0.004 -7"><span class='ocrx_word' id='word_1_91' title='bbox 143 776 198 811; x_wconf 88' lang='lat' dir='ltr'>la,</span> <span class='ocrx_word' id='word_1_92' title='bbox 221 775 239 804; x_wconf 85' lang='lat'>2</span> <span class='ocrx_word' id='word_1_93' title='bbox 265 779 389 804; x_wconf 82' lang='lat' dir='ltr'>miratur</span> <span class='ocrx_word' id='word_1_94' title='bbox 418 780 440 805; x_wconf 75' lang='lat'>15</span> <span class='ocrx_word' id='word_1_95' title='bbox 477 793 514 797; x_wconf 97' lang='lat'>—</span> <span class='ocrx_word' id='word_1_96' title='bbox 543 778 595 810; x_wconf 60' lang='lat' dir='ltr'>Sa,</span> <span class='ocrx_word' id='word_1_97' title='bbox 619 776 637 803; x_wconf 78' lang='lat'>3</span> <span class='ocrx_word' id='word_1_98' title='bbox 665 778 745 804; x_wconf 84' lang='lat' dir='ltr'>Luce</span> <span class='ocrx_word' id='word_1_99' title='bbox 772 780 801 803; x_wconf 84' lang='lat' dir='ltr'>et</span> <span class='ocrx_word' id='word_1_100' title='bbox 828 777 890 804; x_wconf 87' lang='lat' dir='ltr'>AB.</span> <span class='ocrx_word' id='word_1_101' title='bbox 913 791 949 795; x_wconf 96' lang='lat'><strong>—</strong></span> <span class='ocrx_word' id='word_1_102' title='bbox 972 774 1024 807; x_wconf 80' lang='lat' dir='ltr'>9b,</span> <span class='ocrx_word' id='word_1_103' title='bbox 1047 774 1065 802; x_wconf 88' lang='lat'>3</span> <span class='ocrx_word' id='word_1_104' title='bbox 1093 776 1128 802; x_wconf 85' lang='lat' dir='ltr'>de</span> <span class='ocrx_word' id='word_1_105' title='bbox 1154 775 1229 802; x_wconf 80' lang='lat' dir='ltr'><strong>fehlt</strong></span> <span class='ocrx_word' id='word_1_106' title='bbox 1257 776 1290 801; x_wconf 85' lang='lat' dir='ltr'>B.</span> <span class='ocrx_word' id='word_1_107' title='bbox 1314 788 1350 792; x_wconf 89' lang='lat'>—-</span> <span class='ocrx_word' id='word_1_108' title='bbox 1377 771 1447 804; x_wconf 81' lang='lat' dir='ltr'>loa,</span> <span class='ocrx_word' id='word_1_109' title='bbox 1469 770 1487 798; x_wconf 83' lang='lat'>2</span> 
     </span>
     <span class='ocr_line' id='line_1_13' title="bbox 144 812 1486 851; baseline -0.004 -8"><span class='ocrx_word' id='word_1_110' title='bbox 144 818 238 843; x_wconf 81' lang='lat' dir='ltr'>scisso</span> <span class='ocrx_word' id='word_1_111' title='bbox 261 817 292 842; x_wconf 92' lang='lat' dir='ltr'>in</span> <span class='ocrx_word' id='word_1_112' title='bbox 316 817 345 843; x_wconf 79' lang='grc' dir='ltr'>Β.</span> <span class='ocrx_word' id='word_1_113' title='bbox 368 830 404 834; x_wconf 89' lang='lat'>—-</span> <span class='ocrx_word' id='word_1_114' title='bbox 429 815 499 845; x_wconf 81' lang='lat' dir='ltr'>lob,</span> <span class='ocrx_word' id='word_1_115' title='bbox 516 815 534 843; x_wconf 80' lang='lat'>2</span> <span class='ocrx_word' id='word_1_116' title='bbox 556 817 693 851; x_wconf 82' lang='lat' dir='ltr'>Filioque</span> <span class='ocrx_word' id='word_1_117' title='bbox 716 824 775 842; x_wconf 84' lang='lat' dir='ltr'>asc.</span> <span class='ocrx_word' id='word_1_118' title='bbox 797 816 832 841; x_wconf 84' lang='lat' dir='ltr'>A.</span> <span class='ocrx_word' id='word_1_119' title='bbox 854 830 888 834; x_wconf 98' lang='lat'><strong>—</strong></span> <span class='ocrx_word' id='word_1_120' title='bbox 916 812 985 841; x_wconf 74' lang='lat' dir='ltr'>12a,</span> <span class='ocrx_word' id='word_1_121' title='bbox 1002 812 1021 840; x_wconf 88' lang='lat'><strong>3</strong></span> <span class='ocrx_word' id='word_1_122' title='bbox 1045 814 1203 840; x_wconf 80' lang='lat' dir='ltr'>Permanet</span> <span class='ocrx_word' id='word_1_123' title='bbox 1224 821 1292 847; x_wconf 84' lang='lat' dir='ltr'>spes</span> <span class='ocrx_word' id='word_1_124' title='bbox 1314 813 1379 838; x_wconf 84' lang='lat' dir='ltr'>mis.</span> <span class='ocrx_word' id='word_1_125' title='bbox 1401 812 1434 838; x_wconf 92' lang='lat' dir='ltr'>B.</span> <span class='ocrx_word' id='word_1_126' title='bbox 1453 825 1486 829; x_wconf 92' lang='lat'>—-</span> 
     </span>
     <span class='ocr_line' id='line_1_14' title="bbox 145 847 1488 889; baseline -0.005 -7"><span class='ocrx_word' id='word_1_127' title='bbox 145 853 180 882; x_wconf 87' lang='grc'>12</span> <span class='ocrx_word' id='word_1_128' title='bbox 190 855 216 886; x_wconf 74' lang='lat' dir='ltr'>b,</span> <span class='ocrx_word' id='word_1_129' title='bbox 231 853 249 881; x_wconf 88' lang='lat'>4</span> <span class='ocrx_word' id='word_1_130' title='bbox 271 855 426 881; x_wconf 83' lang='lat' dir='ltr'>Ducantnr</span> <span class='ocrx_word' id='word_1_131' title='bbox 447 855 483 881; x_wconf 78' lang='lat' dir='ltr'>ad</span> <span class='ocrx_word' id='word_1_132' title='bbox 500 856 532 881; x_wconf 84' lang='lat' dir='ltr'>B.</span> <span class='ocrx_word' id='word_1_133' title='bbox 550 870 582 873; x_wconf 88' lang='lat'><em>-</em></span> <span class='ocrx_word' id='word_1_134' title='bbox 603 855 637 881; x_wconf 92' lang='lat' dir='ltr'>In</span> <span class='ocrx_word' id='word_1_135' title='bbox 652 855 677 880; x_wconf 83' lang='lat' dir='ltr'>A</span> <span class='ocrx_word' id='word_1_136' title='bbox 699 853 877 889; x_wconf 83' lang='lat' dir='ltr'>angewandt</span> <span class='ocrx_word' id='word_1_137' title='bbox 900 853 950 885; x_wconf 86' lang='lat' dir='ltr'>„in</span> <span class='ocrx_word' id='word_1_138' title='bbox 972 853 1046 879; x_wconf 81' lang='lat' dir='ltr'>festo</span> <span class='ocrx_word' id='word_1_139' title='bbox 1063 852 1276 887; x_wconf 75' lang='lat' dir='ltr'>Conceptionis</span> <span class='ocrx_word' id='word_1_140' title='bbox 1291 851 1407 877; x_wconf 88' lang='lat' dir='ltr'>Mariae</span> <span class='ocrx_word' id='word_1_141' title='bbox 1422 847 1488 880; x_wconf 76' lang='lat' dir='ltr'>V.“,</span> 
     </span>
    </p>
   </div>
   <div class='ocr_carea' id='block_1_4' title="bbox 141 888 1490 997">
    <p class='ocr_par' dir='ltr' id='par_1_4' title="bbox 141 888 1490 997">
     <span class='ocr_line' id='line_1_15' title="bbox 143 888 1490 925; baseline -0.004 -5"><span class='ocrx_word' id='word_1_142' title='bbox 143 894 175 920; x_wconf 89' lang='lat' dir='ltr'>in</span> <span class='ocrx_word' id='word_1_143' title='bbox 197 894 237 919; x_wconf 63' lang='lat'>15:</span> <span class='ocrx_word' id='word_1_144' title='bbox 261 895 291 920; x_wconf 89' lang='lat' dir='ltr'>in</span> <span class='ocrx_word' id='word_1_145' title='bbox 312 893 387 919; x_wconf 74' lang='lat' dir='ltr'>festo</span> <span class='ocrx_word' id='word_1_146' title='bbox 410 894 673 920; x_wconf 56' lang='lat' dir='ltr'>sanctificationis.</span> <span class='ocrx_word' id='word_1_147' title='bbox 712 893 773 920; x_wconf 89' lang='lat' dir='ltr'>Der</span> <span class='ocrx_word' id='word_1_148' title='bbox 793 891 895 918; x_wconf 85' lang='lat' dir='ltr'>Inhalt</span> <span class='ocrx_word' id='word_1_149' title='bbox 916 890 1015 918; x_wconf 86' lang='lat' dir='ltr'>macht</span> <span class='ocrx_word' id='word_1_150' title='bbox 1035 890 1083 917; x_wconf 89' lang='lat' dir='ltr'>die</span> <span class='ocrx_word' id='word_1_151' title='bbox 1099 893 1234 925; x_wconf 59' lang='lat' dir='ltr'>sequenz</span> <span class='ocrx_word' id='word_1_152' title='bbox 1254 889 1302 915; x_wconf 76' lang='lat' dir='ltr'>fiir</span> <span class='ocrx_word' id='word_1_153' title='bbox 1318 888 1402 923; x_wconf 83' lang='lat' dir='ltr'><strong>jedes</strong></span> <span class='ocrx_word' id='word_1_154' title='bbox 1418 888 1490 914; x_wconf 81' lang='lat' dir='ltr'>Fest</span> 
     </span>
     <span class='ocr_line' id='line_1_16' title="bbox 141 926 1485 997; baseline -0.004 -38"><span class='ocrx_word' id='word_1_155' title='bbox 141 932 434 997; x_wconf 43' lang='lat' dir='ltr'>{eguffingssgssssner</span> <span class='ocrx_word' id='word_1_156' title='bbox 462 933 608 967; x_wconf 75' lang='lat' dir='ltr'>geeignet.</span> <span class='ocrx_word' id='word_1_157' title='bbox 633 947 665 950; x_wconf 98' lang='lat'><strong>—</strong></span> <span class='ocrx_word' id='word_1_158' title='bbox 699 930 756 958; x_wconf 82' lang='lat' dir='ltr'>Cfr.</span> <span class='ocrx_word' id='word_1_159' title='bbox 786 930 958 965; x_wconf 85' lang='lat' dir='ltr'>Klemming</span> <span class='ocrx_word' id='word_1_160' title='bbox 985 929 1028 961; x_wconf 79' lang='lat'>11,</span> <span class='ocrx_word' id='word_1_161' title='bbox 1058 938 1085 964; x_wconf 80' lang='lat' dir='ltr'>p.</span> <span class='ocrx_word' id='word_1_162' title='bbox 1116 927 1170 955; x_wconf 82' lang='lat'>177</span> <span class='ocrx_word' id='word_1_163' title='bbox 1200 936 1264 963; x_wconf 79' lang='lat' dir='ltr'>sqq.</span> <span class='ocrx_word' id='word_1_164' title='bbox 1286 943 1321 946; x_wconf 97' lang='lat'><strong>—</strong></span> <span class='ocrx_word' id='word_1_165' title='bbox 1343 926 1485 954; x_wconf 86' lang='lat' dir='ltr'>Melodie:</span> 
     </span>
    </p>
   </div>
   <div class='ocr_carea' id='block_1_5' title="bbox 594 1080 1032 1113">
    <p class='ocr_par' dir='ltr' id='par_1_5' title="bbox 594 1080 1032 1113">
     <span class='ocr_line' id='line_1_17' title="bbox 594 1080 1032 1113; baseline -0.007 0"><span class='ocrx_word' id='word_1_166' title='bbox 594 1083 655 1113; x_wconf 74' lang='grc'>147.</span> <span class='ocrx_word' id='word_1_167' title='bbox 692 1082 732 1112; x_wconf 85' lang='lat' dir='ltr'>De</span> <span class='ocrx_word' id='word_1_168' title='bbox 755 1082 853 1112; x_wconf 79' lang='lat' dir='ltr'>Beata</span> <span class='ocrx_word' id='word_1_169' title='bbox 874 1080 974 1111; x_wconf 82' lang='lat' dir='ltr'>Maria</span> <span class='ocrx_word' id='word_1_170' title='bbox 998 1081 1032 1110; x_wconf 76' lang='lat' dir='ltr'>V.</span> 
     </span>
    </p>
   </div>
   <div class='ocr_carea' id='block_1_6' title="bbox 157 1179 1486 2283">
    <p class='ocr_par' dir='ltr' id='par_1_6' title="bbox 157 1179 1486 2283">
     <span class='ocr_line' id='line_1_18' title="bbox 158 1179 1324 1220; baseline -0.005 -5"><span class='ocrx_word' id='word_1_171' title='bbox 158 1185 217 1215; x_wconf 62' lang='lat'>121.</span> <span class='ocrx_word' id='word_1_172' title='bbox 241 1183 413 1215; x_wconf 80' lang='lat' dir='ltr'>osculetur</span> <span class='ocrx_word' id='word_1_173' title='bbox 439 1193 496 1215; x_wconf 90' lang='lat' dir='ltr'>nos</span> <span class='ocrx_word' id='word_1_174' title='bbox 522 1184 659 1215; x_wconf 84' lang='lat' dir='ltr'>dilectus</span> <span class='ocrx_word' id='word_1_175' title='bbox 854 1181 913 1214; x_wconf 91' lang='lat' dir='ltr'>1b.</span> <span class='ocrx_word' id='word_1_176' title='bbox 942 1181 1038 1213; x_wconf 90' lang='lat' dir='ltr'>Cuius</span> <span class='ocrx_word' id='word_1_177' title='bbox 1067 1180 1141 1211; x_wconf 85' lang='lat' dir='ltr'>aula</span> <span class='ocrx_word' id='word_1_178' title='bbox 1167 1179 1324 1220; x_wconf 85' lang='lat' dir='ltr'>nuptialis</span> 
     </span>
     <span class='ocr_line' id='line_1_19' title="bbox 249 1227 1316 1269; baseline -0.004 -7"><span class='ocrx_word' id='word_1_179' title='bbox 249 1231 347 1269; x_wconf 79' lang='lat' dir='ltr'>Deus,</span> <span class='ocrx_word' id='word_1_180' title='bbox 375 1236 485 1263; x_wconf 84' lang='lat' dir='ltr'>nostra</span> <span class='ocrx_word' id='word_1_181' title='bbox 511 1240 607 1262; x_wconf 86' lang='lat' dir='ltr'>carne</span> <span class='ocrx_word' id='word_1_182' title='bbox 633 1236 737 1262; x_wconf 88' lang='lat' dir='ltr'>tectus</span> <span class='ocrx_word' id='word_1_183' title='bbox 943 1229 1019 1260; x_wconf 89' lang='lat' dir='ltr'>Fuit</span> <span class='ocrx_word' id='word_1_184' title='bbox 1046 1233 1119 1259; x_wconf 85' lang='lat' dir='ltr'>tuus</span> <span class='ocrx_word' id='word_1_185' title='bbox 1147 1227 1316 1267; x_wconf 82' lang='lat' dir='ltr'>virginalis</span> 
     </span>
     <span class='ocr_line' id='line_1_20' title="bbox 320 1275 1422 1320; baseline -0.001 -11"><span class='ocrx_word' id='word_1_186' title='bbox 320 1278 516 1311; x_wconf 78' lang='lat' dir='ltr'>Coniunctus</span> <span class='ocrx_word' id='word_1_187' title='bbox 543 1283 572 1310; x_wconf 90' lang='lat' dir='ltr'>et</span> <span class='ocrx_word' id='word_1_188' title='bbox 600 1279 730 1320; x_wconf 67' lang='lat' dir='ltr'>homini,</span> <span class='ocrx_word' id='word_1_189' title='bbox 991 1277 1123 1317; x_wconf 86' lang='lat' dir='ltr'>Venter,</span> <span class='ocrx_word' id='word_1_190' title='bbox 1150 1280 1254 1307; x_wconf 91' lang='lat' dir='ltr'>mater</span> <span class='ocrx_word' id='word_1_191' title='bbox 1281 1275 1422 1309; x_wconf 91' lang='lat' dir='ltr'>Domini.</span> 
     </span>
     <span class='ocr_line' id='line_1_21' title="bbox 161 1372 1458 1414; baseline -0.002 -8"><span class='ocrx_word' id='word_1_192' title='bbox 161 1377 221 1407; x_wconf 85' lang='lat' dir='ltr'>2a.</span> <span class='ocrx_word' id='word_1_193' title='bbox 251 1374 415 1406; x_wconf 76' lang='lat' dir='ltr'>Christum</span> <span class='ocrx_word' id='word_1_194' title='bbox 442 1374 506 1406; x_wconf 86' lang='lat' dir='ltr'>fide</span> <span class='ocrx_word' id='word_1_195' title='bbox 533 1375 721 1414; x_wconf 79' lang='lat' dir='ltr'>concepisti,</span> <span class='ocrx_word' id='word_1_196' title='bbox 855 1373 916 1406; x_wconf 84' lang='lat' dir='ltr'>2b.</span> <span class='ocrx_word' id='word_1_197' title='bbox 943 1372 1081 1404; x_wconf 87' lang='lat' dir='ltr'>Hortum</span> <span class='ocrx_word' id='word_1_198' title='bbox 1109 1372 1253 1403; x_wconf 87' lang='lat' dir='ltr'>clausum</span> <span class='ocrx_word' id='word_1_199' title='bbox 1280 1372 1458 1412; x_wconf 78' lang='lat' dir='ltr'>voluptatis</span> 
     </span>
     <span class='ocr_line' id='line_1_22' title="bbox 249 1420 1405 1460; baseline -0.003 -6"><span class='ocrx_word' id='word_1_200' title='bbox 249 1423 360 1454; x_wconf 81' lang='lat' dir='ltr'>Virum</span> <span class='ocrx_word' id='word_1_201' title='bbox 387 1423 418 1454; x_wconf 88' lang='lat' dir='ltr'>in</span> <span class='ocrx_word' id='word_1_202' title='bbox 446 1428 478 1454; x_wconf 88' lang='lat' dir='ltr'>te</span> <span class='ocrx_word' id='word_1_203' title='bbox 505 1423 699 1460; x_wconf 54' lang='lat' dir='ltr'>conclusistie</span> <span class='ocrx_word' id='word_1_204' title='bbox 947 1421 1090 1460; x_wconf 87' lang='lat' dir='ltr'>Sponsus</span> <span class='ocrx_word' id='word_1_205' title='bbox 1116 1420 1215 1451; x_wconf 87' lang='lat' dir='ltr'>intrat</span> <span class='ocrx_word' id='word_1_206' title='bbox 1244 1420 1405 1451; x_wconf 83' lang='lat' dir='ltr'>castitatis</span> 
     </span>
     <span class='ocr_line' id='line_1_23' title="bbox 297 1468 1366 1512; baseline -0.002 -9"><span class='ocrx_word' id='word_1_207' title='bbox 297 1471 375 1503; x_wconf 87' lang='lat' dir='ltr'>Cum</span> <span class='ocrx_word' id='word_1_208' title='bbox 403 1470 550 1512; x_wconf 82' lang='lat' dir='ltr'>perfecto</span> <span class='ocrx_word' id='word_1_209' title='bbox 578 1479 720 1510; x_wconf 85' lang='lat' dir='ltr'>corpore.</span> <span class='ocrx_word' id='word_1_210' title='bbox 993 1470 1030 1501; x_wconf 92' lang='lat' dir='ltr'>In</span> <span class='ocrx_word' id='word_1_211' title='bbox 1057 1468 1183 1500; x_wconf 84' lang='lat' dir='ltr'>vernali</span> <span class='ocrx_word' id='word_1_212' title='bbox 1209 1473 1366 1508; x_wconf 85' lang='lat' dir='ltr'>tempore.</span> 
     </span>
     <span class='ocr_line' id='line_1_24' title="bbox 158 1564 1344 1608; baseline -0.003 -8"><span class='ocrx_word' id='word_1_213' title='bbox 158 1570 217 1601; x_wconf 80' lang='lat' dir='ltr'>3a.</span> <span class='ocrx_word' id='word_1_214' title='bbox 247 1567 316 1599; x_wconf 86' lang='lat' dir='ltr'>Tua</span> <span class='ocrx_word' id='word_1_215' title='bbox 342 1568 462 1599; x_wconf 87' lang='lat' dir='ltr'>nardus</span> <span class='ocrx_word' id='word_1_216' title='bbox 490 1567 544 1599; x_wconf 88' lang='lat' dir='ltr'>dat</span> <span class='ocrx_word' id='word_1_217' title='bbox 571 1567 713 1608; x_wconf 80' lang='lat' dir='ltr'>odorem,</span> <span class='ocrx_word' id='word_1_218' title='bbox 856 1565 918 1598; x_wconf 76' lang='lat' dir='ltr'>ab.</span> <span class='ocrx_word' id='word_1_219' title='bbox 945 1564 1115 1597; x_wconf 76' lang='lat' dir='ltr'><strong>Elisabeth</strong></span> <span class='ocrx_word' id='word_1_220' title='bbox 1142 1568 1344 1604; x_wconf 74' lang='lat' dir='ltr'>protestatur</span> 
     </span>
     <span class='ocr_line' id='line_1_25' title="bbox 248 1612 1415 1651; baseline -0.002 -5"><span class='ocrx_word' id='word_1_221' title='bbox 248 1615 331 1647; x_wconf 87' lang='lat' dir='ltr'>Dum</span> <span class='ocrx_word' id='word_1_222' title='bbox 359 1615 480 1647; x_wconf 84' lang='lat' dir='ltr'>salutas</span> <span class='ocrx_word' id='word_1_223' title='bbox 507 1616 676 1651; x_wconf 75' lang='lat' dir='ltr'>seniorem,</span> <span class='ocrx_word' id='word_1_224' title='bbox 943 1614 989 1645; x_wconf 88' lang='lat' dir='ltr'>Te</span> <span class='ocrx_word' id='word_1_225' title='bbox 1015 1614 1153 1650; x_wconf 82' lang='lat' dir='ltr'>beatam,</span> <span class='ocrx_word' id='word_1_226' title='bbox 1181 1617 1288 1644; x_wconf 88' lang='lat' dir='ltr'>mutus</span> <span class='ocrx_word' id='word_1_227' title='bbox 1316 1612 1415 1651; x_wconf 80' lang='lat' dir='ltr'>fatur,</span> 
     </span>
     <span class='ocr_line' id='line_1_26' title="bbox 298 1661 1320 1701; baseline -0.001 -6"><span class='ocrx_word' id='word_1_228' title='bbox 298 1663 432 1695; x_wconf 83' lang='lat' dir='ltr'>Clausus</span> <span class='ocrx_word' id='word_1_229' title='bbox 460 1667 570 1695; x_wconf 84' lang='lat' dir='ltr'>ventre</span> <span class='ocrx_word' id='word_1_230' title='bbox 596 1663 729 1701; x_wconf 84' lang='lat' dir='ltr'>iubilat3</span> <span class='ocrx_word' id='word_1_231' title='bbox 993 1661 1169 1701; x_wconf 82' lang='lat' dir='ltr'>Prophetia</span> <span class='ocrx_word' id='word_1_232' title='bbox 1196 1661 1320 1694; x_wconf 82' lang='lat' dir='ltr'>rutilat.</span> 
     </span>
     <span class='ocr_line' id='line_1_27' title="bbox 157 1756 1349 1799; baseline -0.002 -7"><span class='ocrx_word' id='word_1_233' title='bbox 157 1762 218 1792; x_wconf 84' lang='lat' dir='ltr'>4a.</span> <span class='ocrx_word' id='word_1_234' title='bbox 247 1759 352 1796; x_wconf 81' lang='lat' dir='ltr'>Salve,</span> <span class='ocrx_word' id='word_1_235' title='bbox 382 1760 471 1799; x_wconf 80' lang='lat' dir='ltr'>virgo</span> <span class='ocrx_word' id='word_1_236' title='bbox 498 1759 667 1798; x_wconf 83' lang='lat' dir='ltr'>virginum.</span> <span class='ocrx_word' id='word_1_237' title='bbox 853 1758 915 1791; x_wconf 89' lang='lat' dir='ltr'>4b.</span> <span class='ocrx_word' id='word_1_238' title='bbox 943 1756 1054 1790; x_wconf 82' lang='lat' dir='ltr'><strong>Infans</strong></span> <span class='ocrx_word' id='word_1_239' title='bbox 1080 1758 1188 1789; x_wconf 86' lang='lat' dir='ltr'>iacens</span> <span class='ocrx_word' id='word_1_240' title='bbox 1215 1758 1349 1798; x_wconf 82' lang='lat' dir='ltr'>pulvere</span> 
     </span>
     <span class='ocr_line' id='line_1_28' title="bbox 245 1805 1292 1847; baseline -0.002 -8"><span class='ocrx_word' id='word_1_241' title='bbox 245 1807 321 1839; x_wconf 86' lang='lat' dir='ltr'>Sine</span> <span class='ocrx_word' id='word_1_242' title='bbox 347 1815 450 1846; x_wconf 85' lang='lat' dir='ltr'>poena</span> <span class='ocrx_word' id='word_1_243' title='bbox 477 1807 649 1838; x_wconf 86' lang='lat' dir='ltr'>Dominum</span> <span class='ocrx_word' id='word_1_244' title='bbox 940 1806 1036 1837; x_wconf 74' lang='lat' dir='ltr'>Venit</span> <span class='ocrx_word' id='word_1_245' title='bbox 1061 1805 1158 1837; x_wconf 77' lang='lat' dir='ltr'>flores</span> <span class='ocrx_word' id='word_1_246' title='bbox 1184 1806 1292 1847; x_wconf 85' lang='lat' dir='ltr'>legere</span> 
     </span>
     <span class='ocr_line' id='line_1_29' title="bbox 294 1855 1442 1895; baseline 0.002 -9"><span class='ocrx_word' id='word_1_247' title='bbox 294 1855 385 1886; x_wconf 87' lang='lat' dir='ltr'>Paris</span> <span class='ocrx_word' id='word_1_248' title='bbox 412 1856 497 1886; x_wconf 83' lang='lat' dir='ltr'>intra</span> <span class='ocrx_word' id='word_1_249' title='bbox 523 1855 703 1895; x_wconf 76' lang='lat' dir='ltr'>stabulum3</span> <span class='ocrx_word' id='word_1_250' title='bbox 988 1855 1042 1886; x_wconf 88' lang='lat' dir='ltr'>Ad</span> <span class='ocrx_word' id='word_1_251' title='bbox 1070 1855 1240 1886; x_wconf 85' lang='lat' dir='ltr'>caelestem</span> <span class='ocrx_word' id='word_1_252' title='bbox 1267 1855 1442 1890; x_wconf 82' lang='lat' dir='ltr'>hortulum.</span> 
     </span>
     <span class='ocr_line' id='line_1_30' title="bbox 157 1951 1348 1992; baseline -0.002 -7"><span class='ocrx_word' id='word_1_253' title='bbox 157 1954 218 1986; x_wconf 84' lang='lat' dir='ltr'>5a.</span> <span class='ocrx_word' id='word_1_254' title='bbox 247 1953 316 1984; x_wconf 80' lang='lat' dir='ltr'>Rex</span> <span class='ocrx_word' id='word_1_255' title='bbox 342 1951 481 1983; x_wconf 80' lang='lat' dir='ltr'>Messias</span> <span class='ocrx_word' id='word_1_256' title='bbox 507 1951 626 1983; x_wconf 88' lang='lat' dir='ltr'>nobilis</span> <span class='ocrx_word' id='word_1_257' title='bbox 854 1951 913 1985; x_wconf 79' lang='lat' dir='ltr'>5b.</span> <span class='ocrx_word' id='word_1_258' title='bbox 941 1951 1100 1991; x_wconf 85' lang='lat' dir='ltr'>Lapidem</span> <span class='ocrx_word' id='word_1_259' title='bbox 1127 1951 1213 1983; x_wconf 80' lang='lat' dir='ltr'>hunc</span> <span class='ocrx_word' id='word_1_260' title='bbox 1238 1953 1348 1992; x_wconf 83' lang='lat' dir='ltr'>anguli</span> 
     </span>
     <span class='ocr_line' id='line_1_31' title="bbox 245 1999 1289 2040; baseline 0 -8"><span class='ocrx_word' id='word_1_261' title='bbox 245 2001 343 2040; x_wconf 22' lang='lat' dir='ltr'>vagit*</span> <span class='ocrx_word' id='word_1_262' title='bbox 367 2009 496 2039; x_wconf 76' lang='lat' dir='ltr'>parvus,</span> <span class='ocrx_word' id='word_1_263' title='bbox 524 1999 665 2040; x_wconf 83' lang='lat' dir='ltr'>humiliS,</span> <span class='ocrx_word' id='word_1_264' title='bbox 942 1999 1014 2031; x_wconf 91' lang='lat' dir='ltr'>Duo</span> <span class='ocrx_word' id='word_1_265' title='bbox 1041 2000 1149 2031; x_wconf 91' lang='lat' dir='ltr'>colunt</span> <span class='ocrx_word' id='word_1_266' title='bbox 1176 2001 1289 2040; x_wconf 86' lang='lat' dir='ltr'>populi</span> 
     </span>
     <span class='ocr_line' id='line_1_32' title="bbox 295 2047 1435 2089; baseline 0.003 -9"><span class='ocrx_word' id='word_1_267' title='bbox 295 2049 411 2081; x_wconf 87' lang='lat' dir='ltr'>Coram</span> <span class='ocrx_word' id='word_1_268' title='bbox 439 2047 650 2080; x_wconf 84' lang='lat' dir='ltr'>animalibus:</span> <span class='ocrx_word' id='word_1_269' title='bbox 991 2048 1070 2080; x_wconf 88' lang='lat' dir='ltr'>Cum</span> <span class='ocrx_word' id='word_1_270' title='bbox 1097 2050 1209 2089; x_wconf 80' lang='lat' dir='ltr'>magis,</span> <span class='ocrx_word' id='word_1_271' title='bbox 1237 2050 1435 2089; x_wconf 85' lang='lat' dir='ltr'>pastoribus.</span> 
     </span>
     <span class='ocr_line' id='line_1_33' title="bbox 167 2143 1486 2189; baseline 0.002 -11"><span class='ocrx_word' id='word_1_272' title='bbox 167 2148 230 2178; x_wconf 72' lang='lat' dir='ltr'>Ga.</span> <span class='ocrx_word' id='word_1_273' title='bbox 259 2145 284 2178; x_wconf 96' lang='lat' dir='ltr'>O</span> <span class='ocrx_word' id='word_1_274' title='bbox 311 2145 429 2185; x_wconf 81' lang='lat' dir='ltr'>Maria,</span> <span class='ocrx_word' id='word_1_275' title='bbox 456 2145 520 2177; x_wconf 82' lang='lat' dir='ltr'>iam</span> <span class='ocrx_word' id='word_1_276' title='bbox 547 2144 665 2175; x_wconf 80' lang='lat' dir='ltr'>mirare</span> <span class='ocrx_word' id='word_1_277' title='bbox 856 2143 918 2176; x_wconf 86' lang='lat' dir='ltr'>6b.</span> <span class='ocrx_word' id='word_1_278' title='bbox 946 2144 999 2176; x_wconf 85' lang='lat' dir='ltr'>Ad</span> <span class='ocrx_word' id='word_1_279' title='bbox 1026 2148 1057 2176; x_wconf 87' lang='lat' dir='ltr'>te</span> <span class='ocrx_word' id='word_1_280' title='bbox 1082 2151 1215 2178; x_wconf 83' lang='lat' dir='ltr'>currunt</span> <span class='ocrx_word' id='word_1_281' title='bbox 1233 2156 1344 2178; x_wconf 87' lang='lat' dir='ltr'>omnes</span> <span class='ocrx_word' id='word_1_282' title='bbox 1363 2152 1486 2189; x_wconf 81' lang='lat' dir='ltr'>gentes,</span> 
     </span>
     <span class='ocr_line' id='line_1_34' title="bbox 248 2192 1485 2235; baseline 0.002 -9"><span class='ocrx_word' id='word_1_283' title='bbox 248 2195 290 2226; x_wconf 76' lang='lat' dir='ltr'>Et</span> <span class='ocrx_word' id='word_1_284' title='bbox 316 2194 349 2225; x_wconf 89' lang='lat' dir='ltr'>in</span> <span class='ocrx_word' id='word_1_285' title='bbox 375 2194 473 2225; x_wconf 82' lang='lat' dir='ltr'>corde</span> <span class='ocrx_word' id='word_1_286' title='bbox 500 2193 640 2225; x_wconf 85' lang='lat' dir='ltr'>dilatare</span> <span class='ocrx_word' id='word_1_287' title='bbox 944 2192 1485 2235; x_wconf 84' lang='lat' dir='ltr'>Dicunttamquamtequaerentes:</span> 
     </span>
     <span class='ocr_line' id='line_1_35' title="bbox 295 2241 1339 2283; baseline 0.002 -10"><span class='ocrx_word' id='word_1_288' title='bbox 295 2242 379 2273; x_wconf 82' lang='lat' dir='ltr'>Prae</span> <span class='ocrx_word' id='word_1_289' title='bbox 405 2251 522 2282; x_wconf 83' lang='lat' dir='ltr'>magna</span> <span class='ocrx_word' id='word_1_290' title='bbox 547 2241 689 2279; x_wconf 71' lang='lat' dir='ltr'>laetitiaz,</span> <span class='ocrx_word' id='word_1_291' title='bbox 993 2242 1074 2280; x_wconf 81' lang='lat' dir='ltr'>Ave,</span> <span class='ocrx_word' id='word_1_292' title='bbox 1101 2242 1199 2281; x_wconf 86' lang='lat' dir='ltr'>plena</span> <span class='ocrx_word' id='word_1_293' title='bbox 1225 2245 1339 2283; x_wconf 77' lang='lat' dir='ltr'>gratia.</span> 
     </span>
    </p>
   </div>
   <div class='ocr_carea' id='block_1_7' title="bbox 160 2336 1489 2476">
    <p class='ocr_par' dir='ltr' id='par_1_7' title="bbox 160 2336 1489 2476">
     <span class='ocr_line' id='line_1_36' title="bbox 160 2336 1489 2383; baseline 0.002 -12"><span class='ocrx_word' id='word_1_294' title='bbox 160 2340 177 2371; x_wconf 84' lang='lat'>7</span> <span class='ocrx_word' id='word_1_295' title='bbox 191 2349 220 2372; x_wconf 87' lang='lat' dir='ltr'>a.</span> <span class='ocrx_word' id='word_1_296' title='bbox 249 2339 298 2370; x_wconf 90' lang='lat' dir='ltr'>Tu</span> <span class='ocrx_word' id='word_1_297' title='bbox 315 2347 417 2380; x_wconf 85' lang='lat' dir='ltr'>mons,</span> <span class='ocrx_word' id='word_1_298' title='bbox 439 2339 478 2370; x_wconf 87' lang='lat' dir='ltr'>de</span> <span class='ocrx_word' id='word_1_299' title='bbox 498 2348 561 2379; x_wconf 89' lang='lat' dir='ltr'>quo</span> <span class='ocrx_word' id='word_1_300' title='bbox 577 2338 661 2378; x_wconf 74' lang='lat' dir='ltr'>lapis</span> <span class='ocrx_word' id='word_1_301' title='bbox 676 2345 788 2368; x_wconf 84' lang='lat' dir='ltr'>caesus</span> <span class='ocrx_word' id='word_1_302' title='bbox 858 2336 917 2369; x_wconf 88' lang='lat' dir='ltr'>7b.</span> <span class='ocrx_word' id='word_1_303' title='bbox 946 2338 1022 2376; x_wconf 89' lang='lat' dir='ltr'>Ipsa</span> <span class='ocrx_word' id='word_1_304' title='bbox 1041 2347 1130 2369; x_wconf 88' lang='lat' dir='ltr'>mons</span> <span class='ocrx_word' id='word_1_305' title='bbox 1149 2347 1192 2378; x_wconf 83' lang='lat' dir='ltr'>es,</span> <span class='ocrx_word' id='word_1_306' title='bbox 1212 2339 1244 2371; x_wconf 90' lang='lat' dir='ltr'>in</span> <span class='ocrx_word' id='word_1_307' title='bbox 1263 2351 1356 2381; x_wconf 89' lang='lat' dir='ltr'>quem</span> <span class='ocrx_word' id='word_1_308' title='bbox 1376 2347 1489 2383; x_wconf 87' lang='lat' dir='ltr'>gentes</span> 
     </span>
     <span class='ocr_line' id='line_1_37' title="bbox 247 2385 1489 2430; baseline 0.006 -12"><span class='ocrx_word' id='word_1_309' title='bbox 247 2387 323 2419; x_wconf 81' lang='lat' dir='ltr'>Sine</span> <span class='ocrx_word' id='word_1_310' title='bbox 349 2397 456 2430; x_wconf 87' lang='lat' dir='ltr'>manu,</span> <span class='ocrx_word' id='word_1_311' title='bbox 483 2396 565 2427; x_wconf 89' lang='lat' dir='ltr'>puer</span> <span class='ocrx_word' id='word_1_312' title='bbox 591 2387 693 2428; x_wconf 86' lang='lat' dir='ltr'>Iesus,</span> <span class='ocrx_word' id='word_1_313' title='bbox 945 2385 1029 2417; x_wconf 88' lang='lat' dir='ltr'>Fide</span> <span class='ocrx_word' id='word_1_314' title='bbox 1056 2388 1224 2428; x_wconf 76' lang='lat' dir='ltr'>scandunt,</span> <span class='ocrx_word' id='word_1_315' title='bbox 1253 2394 1288 2421; x_wconf 91' lang='lat' dir='ltr'>ut</span> <span class='ocrx_word' id='word_1_316' title='bbox 1316 2391 1489 2424; x_wconf 85' lang='lat' dir='ltr'>credentes</span> 
     </span>
     <span class='ocr_line' id='line_1_38' title="bbox 295 2434 1399 2476; baseline 0.005 -9"><span class='ocrx_word' id='word_1_317' title='bbox 295 2435 411 2468; x_wconf 88' lang='lat' dir='ltr'>Mundi</span> <span class='ocrx_word' id='word_1_318' title='bbox 437 2436 547 2476; x_wconf 90' lang='lat' dir='ltr'>perdit</span> <span class='ocrx_word' id='word_1_319' title='bbox 572 2439 731 2474; x_wconf 81' lang='lat' dir='ltr'>statuam3</span> <span class='ocrx_word' id='word_1_320' title='bbox 996 2434 1121 2467; x_wconf 88' lang='lat' dir='ltr'>Intrent</span> <span class='ocrx_word' id='word_1_321' title='bbox 1147 2437 1232 2469; x_wconf 87' lang='lat' dir='ltr'>vitae</span> <span class='ocrx_word' id='word_1_322' title='bbox 1256 2438 1399 2473; x_wconf 85' lang='lat' dir='ltr'>ianuam.</span> 
     </span>
    </p>
   </div>
  </div>
 </body>
</html>
