1654 2756
735 157 999 193 -204—

615 257 646 289 9.
676 255 738 288 Per
763 254 852 287 cuius
879 255 1031 298 suffragia

679 304 765 335 vera
790 302 884 336 nobis
908 304 1027 345 gaudia

735 350 863 384 Dentur
887 352 921 385 in
947 353 1151 387 caelestibus,

280 440 365 466 Miss.
392 448 445 466 ms.
467 438 679 466 Gemblacense
708 446 787 467 saec.
817 435 891 466 ¹⁶lie.
912 438 983 466 Cod.
1005 439 1175 468 Bruxellen.
1215 437 1299 468 5237.
1321 454 1357 458 —
1382 438 1437 471 la,
1463 435 1482 465 3
1503 438 1536 464 in

201 478 282 505 fehlt.
303 493 341 497 -—

541 554 605 585 221.
653 554 695 584 De
718 562 758 584 ss.
780 551 919 583 Fabiano
941 554 973 583 et
993 551 1190 585 Sebastiano.

232 634 290 666 la.
323 633 568 675 Congaudentes
595 635 801 673 exsultemus,

322 681 391 713 Deo
417 686 527 713 nostro
552 681 732 723 iubilemus,

367 729 539 769 Omnisque
565 731 659 770 plebs
677 732 833 772 laetetur;

223 827 283 859 23.
317 826 404 859 Urbs
431 835 529 866 supra
554 832 693 859 montem
719 829 781 859 sita

320 874 390 906 Non
418 875 597 906 occultatur
622 876 678 916 ita,

366 922 447 961 Quin
473 932 492 953 a
516 923 611 964 longo
637 924 804 964 videatur;

227 1019 285 1052 3a.
317 1019 454 1058 Magnus
480 1023 592 1058 pastor
618 1021 780 1053 Fabianus

317 1067 476 1106 Milesque
502 1067 720 1109 Sebastianus,

372 1117 492 1147 Horum
520 1115 555 1147 fit
583 1118 754 1157 memoria3

222 1213 285 1242 4a.
318 1211 432 1242 Pastor
456 1211 511 1242 ille
537 1213 706 1251 generalis,

318 1259 414 1290 Miles
441 1259 501 1290 iste
527 1261 730 1300 triumphalis

365 1305 470 1338 Ambo
496 1306 623 1339 Christe
648 1308 777 1340 fideles:

221 1402 278 1435 5a.
310 1402 472 1434 Fabianus
499 1404 643 1443 vigilavit

318 1451 370 1482 Ad
389 1459 526 1490 gregem,
546 1460 637 1490 quein
652 1453 831 1492 adoptavit,

315 1499 408 1530 Hunc
433 1498 575 1530 adunare
602 1501 725 1532 curavit

365 1546 521 1578 Sollerter
540 1548 770 1586 praedicando.

226 1644 285 1675 6a.
317 1642 524 1674 Sebastianus
551 1645 678 1684 tegebat

318 1690 433 1722 Fidem
443 1691 575 1732 Christi,
586 1702 679 1732 quam
688 1692 832 1735 gerebat,

317 1738 409 1770 Hauc
436 1744 624 1778 possetenus
651 1741 788 1781 augebat

368 1785 433 1818 Sub
459 1786 616 1819 absconsa
642 1789 831 1830 chlamyde3

221 1882 238 1914 7
257 1891 285 1914 a.
317 1883 432 1914 Pastor
457 1892 476 1914 a
503 1882 575 1915 fidis
601 1884 763 1917 laudatur.

321 1931 419 1962 Miles
444 1941 463 1962 a
490 1933 613 1964 cunctis
639 1939 775 1971 amatur,

369 1981 503 2019 Semper
529 1979 599 2011 Deo
625 1981 806 2022 placentes3

219 2077 280 2108 8a.
309 2077 424 2109 Pastor
450 2076 611 2109 affectavit
638 2078 718 2109 mire

317 2125 456 2157 Nomina
483 2129 664 2158 sanctorum
692 2127 785 2159 scire.

315 2174 375 2212 Qui
393 2177 528 2214 propter
543 2173 704 2206 Christum
724 2174 833 2207 subire

362 2222 424 2253 Hic
446 2226 581 2254 mortem
609 2223 832 2256 decreverunt.

217 2319 278 2352 921.
309 2319 406 2351 Miles
429 2319 541 2351 sedule
567 2320 691 2362 orabat,

313 2367 418 2408 Saepe
442 2368 521 2408 vigil
546 2369 771 2410 pernoctabat,

313 2415 425 2448 Cilicio
452 2425 487 2448 se
514 2417 665 2450 domabat

361 2464 464 2504 Seque
489 2474 586 2505 parce
613 2466 762 2501 cibando.

921 633 983 667 lb.
1016 634 1176 667 Sollennis
1203 638 1253 666 est
1277 634 1338 666 iste
1366 634 1446 675 dies,

1017 682 1054 714 In
1080 691 1142 723 quo
1166 687 1376 723 patronorum
1403 681 1494 722 quies

1065 730 1185 763 Merito
1211 735 1394 763 veneretur.

918 827 938 859 2
954 826 985 860 b.
1017 826 1071 858 Sic
1097 825 1263 858 beatorum
1291 827 1366 866 vita,

1015 874 1098 907 Fide
1125 873 1246 906 Christi
1272 875 1405 915 munita,

1060 923 1132 954 Non
1159 922 1262 965 decet,
1289 926 1325 954 ut
1351 923 1495 954 sileatur.

919 1019 939 1051 3
951 1018 982 1051 b.
1013 1020 1073 1058 Qui
1088 1019 1140 1051 hic
1154 1018 1316 1051 Christum
1331 1022 1533 1059 amaverunt,

1016 1068 1079 1100 Pro
1106 1076 1168 1106 quo
1194 1067 1276 1099 mori
1303 1068 1530 1104 decreverunt,

1065 1115 1113 1148 Ob
1140 1115 1225 1154 quod
1251 1113 1376 1156 fulgent
1403 1114 1515 1155 gloria.

918 1211 984 1244 4b.
1016 1212 1077 1243 llle
1103 1211 1271 1250 praedicat
1298 1215 1457 1252 patenter,

1016 1260 1082 1291 Iste
1108 1259 1241 1290 instruit
1267 1260 1417 1302 latenter,

1061 1307 1129 1338 Nec
1155 1307 1269 1338 timent
1294 1307 1453 1340 infideles.

920 1403 982 1436 5b.
1014 1404 1184 1443 Tyrannos
1210 1412 1273 1435 non
1302 1402 1501 1442 formidavit,

1016 1451 1094 1484 Cum
1120 1451 1256 1490 perfidis
1283 1451 1472 1491 disputavit,

1016 1501 1100 1540 Quos
1127 1508 1166 1530 ex
1192 1499 1263 1539 lege
1291 1499 1472 1532 confutavit

1065 1548 1209 1580 Virtutes
1236 1549 1469 1588 perpetrando.

918 1643 981 1676 6b.
1013 1645 1057 1677 Ut
1084 1643 1197 1676 fideles
1224 1643 1432 1686 confortaret,

1015 1692 1064 1723 Ne
1091 1701 1107 1724 a
1135 1690 1200 1723 fide
1225 1692 1296 1732 quis
1323 1697 1458 1731 erraret,

1012 1739 1076 1772 Sed
1103 1740 1247 1771 consulte
1273 1739 1477 1779 reformaret,

1062 1787 1210 1820 Instabat
1235 1797 1330 1828 quam
1355 1790 1463 1822 avide.

922 1885 984 1918 7b.
1016 1886 1076 1918 Ille
1102 1885 1198 1917 solvit
1223 1886 1362 1927 piacula,

1015 1935 1080 1967 Iste
1107 1938 1215 1973 patrat
1242 1935 1409 1976 miracula,

1064 1984 1131 2016 Iter
1156 1982 1242 2014 vitae
1268 1983 1474 2023 praebentes.

920 2080 980 2112 82.
1013 2080 1076 2112 Per
1102 2078 1213 2110 orbem
1239 2080 1372 2112 mandat
1397 2081 1521 2123 legatos

1016 2128 1175 2160 Diacones
1202 2128 1413 2169 approbatos,

1014 2177 1072 2216 Qui
1099 2176 1275 2208 virtutibus
1300 2182 1432 2210 ornatos

1064 2224 1136 2256 Hoc
1162 2224 1294 2264 scriptis
1322 2226 1515 2260 retulerunt.

918 2322 978 2356 9a.
1009 2322 1162 2362 Aegi-otis
1187 2321 1347 2355 medelam
1374 2324 1484 2365 dabat,

1015 2368 1188 2402 Desolatos
1213 2369 1421 2406 confortabat

1017 2418 1061 2450 Et
1086 2427 1259 2460 oppressos
1285 2420 1453 2456 relevabat

1069 2468 1233 2508 Pauperes
1260 2473 1484 2505 sustentando.
