1654 2756
713 126 880 162 -320
932 145 978 151 —

176 230 236 263 4a.
268 227 318 260 De
344 231 528 259 sanctorum
555 226 699 267 germine
874 225 938 259 4b.
970 223 1087 264 Coepit
1111 227 1146 256 et
1170 227 1345 256 contexere

274 276 390 309 Linum
417 275 611 307 delectabile
972 272 1126 306 Caritatis
1151 281 1251 313 opere

270 325 314 357 Et
341 325 381 357 de
409 324 483 365 agni
510 324 632 356 vellere
971 322 1101 354 Vestem
1121 320 1335 364 innocentiae,

273 373 393 406 Lanam
423 373 482 405 sibi
511 381 667 413 quaerere
971 371 1120 404 Tinctam
1146 370 1221 411 agni
1247 369 1415 411 sanguine.

176 462 234 494 5a.
268 460 494 493 indumentum
522 464 594 492 sunt
622 460 651 491 ei
875 459 936 492 5b.
969 459 1070 498 Quam
1098 462 1131 490 et
1154 457 1188 489 in
1215 456 1410 490 caelestibus

272 508 379 541 Decor
405 513 436 540 et
465 507 634 549 fortitude,
973 507 1080 540 Portis
1107 515 1208 547 opera
1233 507 1302 538 eius

269 557 315 589 Et
341 567 411 589 cum
439 558 558 589 sanctis
583 556 703 588 ridebit
973 555 1134 595 Laudant,
1162 564 1236 586 nam
1261 553 1432 586 universas

272 605 309 638 In
338 606 389 638 die
416 606 599 637 novissimo.
973 605 1049 644 Ipsa
1074 608 1121 635 est
1150 610 1369 644 supergressa.

639 695 670 725 ὅ.
699 691 796 724 Cuius
821 691 1013 724 intercessio

699 740 765 772 Nos
791 739 831 772 ab
856 740 917 772 hoc
943 740 1056 772 exsilio

698 789 828 821 Reddat
854 788 915 820 Dei
941 787 1020 821 filio.

251 886 334 912 Miss.
358 886 557 913 Posnaniense
581 887 650 921 imp.
672 886 834 913 Cracoviae
859 882 941 912 1524.
962 899 999 902 —
1021 882 1084 915 2b,
1110 881 1128 910 2
1150 882 1243 913 Pulit;
1275 885 1347 908 statt
1369 881 1509 917 Pepulit?

620 1026 686 1056 357.
730 1025 769 1056 De
792 1027 904 1056 sancta.
925 1023 1070 1064 Virgine.

178 1118 238 1151 la.
269 1117 435 1149 Hodierna
460 1118 514 1148 lux
541 1116 694 1148 sollennis
874 1115 934 1147 1b.
967 1115 1003 1146 Iu
1030 1123 1092 1155 qua
1119 1114 1235 1145 chorus
1261 1113 1427 1153 virginalis

274 1165 342 1197 Nos
366 1165 407 1197 ad
435 1165 557 1205 gloriae
583 1164 734 1204 perennis
968 1163 1022 1194 Ad
1049 1161 1252 1202 psallendum
1280 1161 1430 1201 specialis

324 1213 445 1245 Invitat
471 1212 629 1251 convivia,
1017 1210 1167 1243 celebrat
1198 1211 1376 1244 sollemnia.

179 1301 238 1334 2a.
270 1299 469 1331 Gaudiorum
496 1299 586 1338 virgo
613 1302 725 1338 mater,
873 1297 935 1331 2b.
966 1297 1117 1336 Quaeque
1140 1295 1230 1336 virgo
1257 1296 1457 1335 collaetatur,

276 1348 374 1381 Cuius
401 1346 484 1378 filius
512 1351 559 1378 est
584 1351 686 1388 pater,
968 1344 1011 1376 Et
1039 1347 1070 1376 in
1098 1344 1227 1377 Christo
1254 1344 1411 1385 gloriatur

324 1395 432 1427 Habet
459 1395 648 1436 privilegia3
1019 1393 1101 1424 Tota
1129 1393 1210 1425 caeli
1238 1392 1335 1424 curia.

180 1484 239 1515 Sa.
271 1482 353 1519 Ave,
382 1481 481 1523 virgo,
509 1482 600 1513 cuius
624 1479 743 1512 festum
874 1480 937 1513 312.
967 1478 1093 1511 Gerens
1120 1488 1174 1511 vas
1201 1479 1417 1511 illuminatum

275 1529 522 1562 Sacrosanctum
550 1534 581 1560 et
607 1528 774 1560 honestum
970 1527 1144 1567 oleumque
1169 1532 1398 1568 praeparatum

324 1578 451 1610 Recolit
479 1578 632 1617 ecclesia3
1017 1576 1141 1616 sponso
1167 1577 1287 1616 gaudes
1314 1576 1421 1610 obvia.

181 1668 242 1698 4a.
274 1663 476 1704 Imprudenti
503 1672 566 1694 non
592 1662 732 1694 intrante
862 1665 894 1695 *4
908 1663 938 1697 b.
973 1663 1025 1695 Sic
1052 1663 1197 1703 ingressa
1224 1663 1304 1695 caeli
1332 1663 1465 1695 chorum

276 1711 422 1744 introisti
448 1719 580 1742 currens
607 1715 692 1752 ante,
969 1710 1072 1742 Rosas
1098 1710 1198 1743 habes
1223 1712 1312 1744 circa
1336 1712 1476 1753 thorum,

325 1761 455 1792 Patrem
481 1767 616 1798 sequens
642 1757 726 1798 filia3
1021 1759 1128 1791 Violas
1156 1763 1187 1792 et
1214 1760 1293 1792 lilia.

183 1849 241 1880 5a.
272 1846 371 1886 Virgo
394 1845 547 1885 prudens,
576 1844 665 1884 virgo
684 1844 812 1885 munda,
874 1845 940 1880 5b.
970 1846 1171 1878 Emundatos
1197 1855 1253 1878 nos
1281 1847 1470 1879 commenda

277 1895 468 1927 Peccatores
494 1902 551 1924 nos
577 1893 715 1924 emunda
969 1895 1094 1935 Sponso
1121 1895 1250 1927 Christo
1277 1895 1319 1927 ad
1346 1895 1497 1928 habenda

327 1943 378 1975 Ab
405 1941 490 1973 omni
516 1940 692 1982 spurcitia3
1015 1943 1220 1983 Sempiterna
1245 1943 1374 1984 gaudia.

258 2039 340 2065 Miss.
371 2038 541 2064 Morinense
575 2038 645 2071 imp.
680 2037 836 2072 Rotomagi
871 2036 952 2065 1516.
984 2040 1017 2066 Α.
1049 2052 1086 2058 -
1117 2039 1200 2067 Miss.
1234 2040 1406 2068 Morinense
1438 2042 1508 2077 imp.

182 2078 306 2105 Parisiis
335 2074 415 2104 1518.
444 2077 476 2103 B.
506 2089 543 2094 —
568 2075 653 2102 Miss.
678 2075 849 2103 Morinense
875 2078 944 2112 imp.
971 2078 1129 2114 Rotomagi
1160 2075 1242 2106 1523.
1272 2079 1303 2107 C.
1331 2093 1369 2098 —
1396 2076 1460 2112 3b,
1492 2078 1511 2107 3

180 2116 355 2182 ῗέιζᾱεᾶἑθίὲ..
382 2129 419 2133 -
445 2113 504 2146 412,
534 2113 546 2141 1
570 2113 646 2141 caeli
667 2121 791 2148 quorum
812 2115 846 2141 A.
874 2130 910 2133 —
941 2116 1069 2144 Melodie
1107 2116 1260 2145 sichtlich:
1290 2118 1510 2146 Hodiernae

585 2246 652 2279 358.
692 2247 735 2278 De
757 2246 875 2278 sanctis
895 2247 1094 2288 Virginibus,

185 2340 245 2372 la.
277 2338 480 2371 Laetabundi
506 2338 689 2380 iubilemus,
878 2338 938 2372 1b.
969 2339 1111 2371 Matrem
1137 2342 1247 2380 sponsi
1274 2341 1494 2376 collaudemus

279 2388 372 2428 Agno
398 2396 517 2428 sponso
544 2387 751 2420 decantemus
971 2387 1015 2419 Et
1041 2388 1199 2428 virginum
1227 2390 1427 2424 declaremus

328 2436 394 2477 Ori,
421 2440 528 2469 mente
555 2445 714 2476 consona;
739 2457 742 2459 -
1021 2435 1148 2469 Laudes
1175 2447 1252 2471 voce
1278 2448 1402 2475 resona.
