1654 2756
670 155 934 192 —132—

141 254 204 288 tia.
231 253 294 286 His
322 254 441 286 auditis
469 253 645 293 perterrita
847 252 907 287 6b.
933 254 977 286 Et
1003 255 1163 295 quomodo
1189 253 1244 287 fiet
1270 262 1392 295 verum,

238 302 350 343 Virgo,
380 302 448 333 viro
474 302 649 341 incognita,
934 302 1026 342 Quod
1053 311 1113 334 nec
1133 302 1214 335 ordo
1229 302 1337 344 poscit
1354 309 1472 341 rerum,

284 349 393 382 Verba
420 349 529 382 reddit
556 349 653 382 talia:
983 350 1060 383 Cum
1087 351 1148 383 sim
1172 351 1236 384 viri
1261 348 1394 383 nescia?

149 421 206 454 7a.
235 422 287 454 Ad
316 422 395 453 haee
421 419 580 453 fortitudo
607 421 668 453 Dei
847 420 907 455 7b.
936 423 972 454 In
1000 426 1032 454 te
1061 422 1146 455 Deus
1173 421 1346 461 habitabit,

234 469 307 502 Non
334 469 474 501 insciens
501 478 613 502 sacrae
640 469 685 501 rei
932 470 1092 503 Mundum
1125 473 1226 503 totum
1254 470 1309 511 qui
1333 469 1475 502 salvabit

282 519 369 551 Voce
395 516 497 550 refert
522 517 672 558 placida:
980 519 1018 551 In
1045 518 1165 551 virtute
1190 519 1312 552 valida.

145 591 204 624 Sa.
234 590 386 632 Verbum,
414 591 498 631 quod
526 591 557 622 in
585 591 746 632 principio
843 589 903 624 8b.
931 590 985 630 Et,
1013 590 1099 631 quod
1126 589 1187 622 fuit
1215 589 1458 630 sempiternum,

233 639 325 682 Erat,
354 639 415 672 Dei
443 639 576 671 consilio
931 638 1030 670 Venit
1056 638 1089 670 in
1115 642 1159 676 te,
1187 647 1243 670 cor
1268 641 1461 677 maternum,

283 688 344 720 Est
370 688 401 719 in
428 691 483 720 tuo
510 696 666 728 corpore3
980 685 1045 718 Sed
1071 686 1105 717 in
1131 694 1216 718 novo
1242 689 1398 726 tempore.

144 762 202 793 Ha.
232 760 258 792 O
284 759 403 791 ancilla
430 759 620 797 humillima,
839 757 897 791 911.
925 757 1085 790 Miserere
1111 762 1331 798 peccatorum,

231 808 291 839 Dei
319 812 422 839 mater
447 807 662 844 sanctissima,
925 806 1014 845 Quae
1040 806 1167 846 peccati
1194 806 1301 838 nescis
1327 807 1470 846 thorum,

280 856 326 887 Te
351 863 522 894 precamur
546 854 661 897 seduli,
976 854 1072 885 Paris
1099 862 1207 894 regem
1233 855 1365 887 saeculi.

211 927 294 955 Miss.
318 927 518 963 Zagrabiense
544 926 613 961 imp.
635 925 770 953 Venetiis
799 923 882 952 1511.
905 940 941 945 —
963 925 1021 952 Die
1042 924 1197 951 Absehrit't
1217 925 1315 952 dieser
1336 925 1472 960 Sequenz

132 965 284 994 verdanlte
312 965 358 992 ich
388 965 440 992 der
467 964 734 1001 liebenswiirdigen
758 963 960 1000 Vermittlung
989 964 1040 991 des
1062 963 1177 991 Graner
1198 963 1366 991 Domherrn
1387 964 1472 992 Mon-

135 1008 252 1041 signorc
274 1005 326 1032 Dr.
349 1004 446 1039 (ἱροῖς
467 1003 576 1031 Andor.

582 1083 642 1114 140.
674 1083 717 1113 De
740 1081 837 1113 Beata
859 1080 961 1112 Maria
985 1081 1019 1112 V.

142 1154 203 1184 la.
231 1150 256 1182 O
283 1159 397 1182 munus
423 1158 600 1189 pauperum
838 1147 896 1181 1b.
926 1148 1021 1180 Velut
1048 1148 1134 1179 inter
1162 1157 1268 1180 rorem

278 1197 425 1234 amabile,
976 1200 1008 1227 et
1033 1204 1154 1236 aream,

230 1245 364 1285 Angelis
390 1245 553 1288 laetabile,
927 1244 1089 1276 Christum
1117 1248 1147 1275 et
1175 1244 1357 1285 ecclesiam,

230 1293 360 1326 Miseria
387 1293 540 1334 optabile,
927 1291 1032 1323 Solem
1060 1291 1151 1324 limes
1177 1295 1210 1324 et
1234 1293 1341 1325 lunam

278 1342 386 1374 Mater
410 1341 475 1381 pia.
974 1339 1029 1382 ΕΞ,
1056 1339 1175 1374 Maria.

145 1417 204 1449 211.
232 1414 356 1446 Iubilus
382 1413 414 1444 in
442 1413 549 1455 corde,
837 1411 898 1446 21).
926 1412 1044 1452 Aegris
1071 1409 1136 1456 [tu]
1163 1413 1301 1452 medela,

230 1462 278 1494 Tu
301 1461 401 1493 melos
426 1461 459 1492 in
483 1469 572 1501 aure,
925 1460 975 1492 Tu
1001 1460 1065 1491 reis
1092 1461 1196 1499 venia,

278 1510 407 1542 Summa
433 1510 616 1550 reparatrix
976 1507 1176 1541 Vivifieatrix
1204 1509 1279 1541 sub·

325 1560 529 1597 peecatorum
540 1568 548 1597 ς
1022 1561 1214 1592 secutorum.

143 1633 202 1665 3a.
231 1630 257 1663 Ο
285 1629 404 1661 femina
430 1629 613 1671 singularis,
839 1627 898 1663 ab.
927 1629 1109 1662 Conversus
1135 1630 1177 1661 ad
1204 1635 1235 1662 te
1262 1640 1324 1664 non
1352 1634 1449 1674 perit,

232 1677 447 1718 singulariter
472 1676 641 1719 mirabilis,
925 1675 989 1708 Sed
1016 1686 1149 1710 aversus
1176 1687 1196 1710 a
1221 1682 1253 1710 te
1279 1679 1403 1721 interit,

278 1727 459 1766 Pauperum
487 1726 727 1767 locupletati-ix.
974 1725 1151 1758 Huniilium
1178 1727 1391 1762 sublevatrix.

142 1803 203 1832 4a.
231 1799 280 1831 Tu
307 1797 392 1829 salus
419 1794 485 1841 [es]
511 1798 544 1828 in
569 1798 734 1838 periculis,
838 1796 900 1830 4b.
928 1799 1015 1830 Fons
1042 1799 1154 1831 veniae
1182 1799 1278 1841 digne
1305 1802 1439 1843 diceris;

228 1846 279 1879 Ex
308 1845 404 1878 Iacob
431 1845 526 1877 stella
551 1845 681 1885 nobilis,
925 1845 990 1880 Ubi
1016 1847 1133 1879 bonum
1159 1857 1222 1881 non
1249 1849 1386 1891 invenis,

229 1896 276 1928 Te
304 1895 397 1927 decet.
422 1893 492 1925 laus
511 1894 764 1928 inaestimabilis
924 1893 1067 1927 Efficere
1094 1896 1211 1929 bonum
1240 1908 1301 1930 non
1330 1900 1465 1934 deseris.

139 1972 198 2002 5a.
227 1968 328 2008 Virgo
354 1966 451 2005 mitis,
836 1965 895 1999 5b.
922 1966 1072 2000 Infernus
1098 1979 1157 2009 per

274 2023 393 2056 parens
420 2018 451 2046 et
477 2014 605 2055 ancilla,
971 2019 1003 2048 te
1028 2018 1238 2060 remediatur,

227 2065 371 2104 Benigna
397 2067 427 2095 et
453 2062 640 2102 tranquilla,
922 2065 1027 2098 Homo
1054 2072 1277 2110 recuperatur,

276 2113 393 2145 Excita
419 2111 528 2152 fidem,
970 2113 1021 2146 Ex
1048 2123 1144 2147 causa
1170 2117 1301 2157 munda,

273 2161 385 2194 Firma
411 2169 500 2200 spem
968 2161 1035 2193 Nos
1062 2164 1152 2195 salva

226 2209 276 2243 Da
302 2210 390 2241 vitiis
415 2208 522 2249 finem,
922 2209 1000 2241 Post
1025 2210 1109 2242 hane
1134 2211 1245 2244 horam
1274 2213 1369 2247 liuius

275 2257 418 2290 moribus
446 2255 662 2296 disciplinam.
971 2258 1057 2290 vitae
1082 2262 1314 2304 vespertinam,

703 2329 735 2361 6.
762 2327 882 2362 Maria.

205 2403 288 2430 Miss.
311 2411 368 2430 sec.
390 2403 523 2429 notulam
540 2401 736 2430 Dominorum
750 2398 982 2428 Teutonieorum
1006 2403 1075 2438 imp.
1091 2405 1302 2444 Nurenbergae
1315 2409 1470 2444 (Sthbehs)

127 2451 148 2469 s.
172 2450 198 2469 a.
219 2455 257 2460 ψ
280 2440 330 2475 lb,
353 2440 371 2468 2
392 2441 491 2469 Solem
513 2443 542 2468 et
558 2441 660 2469 lunam
681 2440 777 2467 limes.
800 2453 835 2459 —
857 2435 911 2474 3b,
935 2437 953 2466 2
974 2441 1055 2468 fehlt.
1077 2457 1113 2462 —
1135 2443 1186 2478 43,
1203 2444 1222 2474 3
1243 2450 1272 2474 et
1293 2449 1466 2476 inaestima-

125 2480 204 2509 bilis.
228 2496 263 2501 -
286 2478 339 2512 5b,
362 2479 379 2507 5
401 2479 492 2508 Salva
514 2489 577 2508 nos.
