<?xml version="1.0" encoding="UTF-8"?>
<!DOCTYPE html PUBLIC "-//W3C//DTD XHTML 1.0 Transitional//EN"
    "http://www.w3.org/TR/xhtml1/DTD/xhtml1-transitional.dtd">
<html xmlns="http://www.w3.org/1999/xhtml" xml:lang="en" lang="en">
 <head>
  <title>
</title>
<meta http-equiv="Content-Type" content="text/html;charset=utf-8" />
  <meta name='ocr-system' content='tesseract 3.04.00' />
  <meta name='ocr-capabilities' content='ocr_page ocr_carea ocr_par ocr_line ocrx_word'/>
</head>
<body>
  <div class='ocr_page' id='page_1' title='image "./analectahymnica42drevuoft_0065.png"; bbox 0 0 1654 2756; ppageno 0'>
   <div class='ocr_carea' id='block_1_1' title="bbox 681 125 921 161">
    <p class='ocr_par' dir='ltr' id='par_1_1' title="bbox 681 125 921 161">
     <span class='ocr_line' id='line_1_1' title="bbox 681 125 921 161; baseline -0.004 -10"><span class='ocrx_word' id='word_1_1' title='bbox 681 125 921 161; x_wconf 72' lang='lat'><strong>-62-</strong></span> 
     </span>
    </p>
   </div>
   <div class='ocr_carea' id='block_1_2' title="bbox 151 224 634 459">
    <p class='ocr_par' dir='ltr' id='par_1_2' title="bbox 151 224 634 459">
     <span class='ocr_line' id='line_1_2' title="bbox 151 224 561 260; baseline -0.012 -1"><span class='ocrx_word' id='word_1_2' title='bbox 151 227 209 260; x_wconf 73' lang='lat'>63.</span> <span class='ocrx_word' id='word_1_3' title='bbox 236 225 430 258; x_wconf 83' lang='lat' dir='ltr'>Resistendo</span> <span class='ocrx_word' id='word_1_4' title='bbox 455 224 561 256; x_wconf 87' lang='lat' dir='ltr'>carnis</span> 
     </span>
     <span class='ocr_line' id='line_1_3' title="bbox 285 272 563 313; baseline -0.011 -8"><span class='ocrx_word' id='word_1_5' title='bbox 285 272 563 313; x_wconf 80' lang='lat' dir='ltr'>concupiscentiiS‚</span> 
     </span>
     <span class='ocr_line' id='line_1_4' title="bbox 237 321 561 356; baseline -0.019 0"><span class='ocrx_word' id='word_1_6' title='bbox 237 322 351 356; x_wconf 88' lang='lat' dir='ltr'>Cuncti</span> <span class='ocrx_word' id='word_1_7' title='bbox 376 321 561 353; x_wconf 84' lang='lat' dir='ltr'>insistamus</span> 
     </span>
     <span class='ocr_line' id='line_1_5' title="bbox 283 368 523 410; baseline -0.008 -8"><span class='ocrx_word' id='word_1_8' title='bbox 283 370 434 410; x_wconf 86' lang='lat' dir='ltr'>operibus</span> <span class='ocrx_word' id='word_1_9' title='bbox 461 368 523 409; x_wconf 90' lang='lat' dir='ltr'>piis</span> 
     </span>
     <span class='ocr_line' id='line_1_6' title="bbox 329 415 634 459; baseline -0.016 -8"><span class='ocrx_word' id='word_1_10' title='bbox 329 419 406 451; x_wconf 90' lang='lat' dir='ltr'>Cum</span> <span class='ocrx_word' id='word_1_11' title='bbox 434 416 494 448; x_wconf 91' lang='lat' dir='ltr'>Dei</span> <span class='ocrx_word' id='word_1_12' title='bbox 519 415 634 459; x_wconf 85' lang='lat' dir='ltr'>gratia,</span> 
     </span>
    </p>
   </div>
   <div class='ocr_carea' id='block_1_3' title="bbox 843 221 1314 456">
    <p class='ocr_par' dir='ltr' id='par_1_3' title="bbox 843 221 1314 456">
     <span class='ocr_line' id='line_1_7' title="bbox 843 221 1314 263; baseline -0.004 -7"><span class='ocrx_word' id='word_1_13' title='bbox 843 223 901 256; x_wconf 84' lang='lat' dir='ltr'>6b.</span> <span class='ocrx_word' id='word_1_14' title='bbox 930 223 975 256; x_wconf 90' lang='lat' dir='ltr'>Ut</span> <span class='ocrx_word' id='word_1_15' title='bbox 1001 226 1075 263; x_wconf 89' lang='lat' dir='ltr'>post</span> <span class='ocrx_word' id='word_1_16' title='bbox 1101 221 1194 254; x_wconf 84' lang='lat' dir='ltr'>huius</span> <span class='ocrx_word' id='word_1_17' title='bbox 1220 221 1314 254; x_wconf 87' lang='lat' dir='ltr'>finem</span> 
     </span>
     <span class='ocr_line' id='line_1_8' title="bbox 976 270 1275 310; baseline 0.007 -9"><span class='ocrx_word' id='word_1_18' title='bbox 976 271 1062 302; x_wconf 86' lang='lat' dir='ltr'>vitae</span> <span class='ocrx_word' id='word_1_19' title='bbox 1088 270 1275 310; x_wconf 88' lang='lat' dir='ltr'>perenniter</span> 
     </span>
     <span class='ocr_line' id='line_1_9' title="bbox 928 317 1249 359; baseline 0 -9"><span class='ocrx_word' id='word_1_20' title='bbox 928 317 1119 350; x_wconf 84' lang='lat' dir='ltr'>Sanctorum</span> <span class='ocrx_word' id='word_1_21' title='bbox 1145 318 1249 359; x_wconf 84' lang='lat' dir='ltr'>gloria</span> 
     </span>
     <span class='ocr_line' id='line_1_10' title="bbox 978 364 1288 400; baseline 0.003 -2"><span class='ocrx_word' id='word_1_22' title='bbox 978 364 1123 399; x_wconf 84' lang='lat' dir='ltr'>fruamur</span> <span class='ocrx_word' id='word_1_23' title='bbox 1148 367 1288 400; x_wconf 87' lang='lat' dir='ltr'>dulciter</span> 
     </span>
     <span class='ocr_line' id='line_1_11' title="bbox 1024 415 1312 456; baseline 0.007 -9"><span class='ocrx_word' id='word_1_24' title='bbox 1024 416 1062 447; x_wconf 94' lang='lat' dir='ltr'>In</span> <span class='ocrx_word' id='word_1_25' title='bbox 1088 415 1169 448; x_wconf 84' lang='lat' dir='ltr'>caeli</span> <span class='ocrx_word' id='word_1_26' title='bbox 1194 416 1312 456; x_wconf 78' lang='lat' dir='ltr'>patria.</span> 
     </span>
    </p>
   </div>
   <div class='ocr_carea' id='block_1_4' title="bbox 138 489 1470 644">
    <p class='ocr_par' dir='ltr' id='par_1_4' title="bbox 138 489 1470 644">
     <span class='ocr_line' id='line_1_12' title="bbox 214 489 1468 528; baseline -0.004 -6"><span class='ocrx_word' id='word_1_27' title='bbox 214 494 302 522; x_wconf 89' lang='lat' dir='ltr'>Grad.</span> <span class='ocrx_word' id='word_1_28' title='bbox 330 503 380 522; x_wconf 19' lang='lat' dir='ltr'>ms(</span> <span class='ocrx_word' id='word_1_29' title='bbox 409 494 557 528; x_wconf 83' lang='lat' dir='ltr'>Pragense</span> <span class='ocrx_word' id='word_1_30' title='bbox 587 501 662 521; x_wconf 81' lang='lat' dir='ltr'>saec.</span> <span class='ocrx_word' id='word_1_31' title='bbox 697 490 739 519; x_wconf 85' lang='lat'>16.</span> <span class='ocrx_word' id='word_1_32' title='bbox 780 492 851 520; x_wconf 89' lang='lat' dir='ltr'>Cod.</span> <span class='ocrx_word' id='word_1_33' title='bbox 881 493 1002 528; x_wconf 83' lang='lat' dir='ltr'>Pragen.</span> <span class='ocrx_word' id='word_1_34' title='bbox 1032 492 1090 519; x_wconf 87' lang='lat' dir='ltr'>VII</span> <span class='ocrx_word' id='word_1_35' title='bbox 1115 493 1140 520; x_wconf 79' lang='lat' dir='ltr'>A</span> <span class='ocrx_word' id='word_1_36' title='bbox 1170 489 1212 519; x_wconf 87' lang='lat'>13.</span> <span class='ocrx_word' id='word_1_37' title='bbox 1234 493 1268 520; x_wconf 76' lang='lat' dir='ltr'>A.</span> <span class='ocrx_word' id='word_1_38' title='bbox 1288 507 1326 512; x_wconf 97' lang='lat'><strong>—</strong></span> <span class='ocrx_word' id='word_1_39' title='bbox 1347 491 1468 520; x_wconf 83' lang='lat' dir='ltr'>Collect.</span> 
     </span>
     <span class='ocr_line' id='line_1_13' title="bbox 138 527 1468 564; baseline -0.002 -4"><span class='ocrx_word' id='word_1_40' title='bbox 138 542 190 560; x_wconf 88' lang='lat' dir='ltr'>ms.</span> <span class='ocrx_word' id='word_1_41' title='bbox 218 534 407 561; x_wconf 86' lang='lat' dir='ltr'>Bohemicum</span> <span class='ocrx_word' id='word_1_42' title='bbox 435 541 510 560; x_wconf 80' lang='lat' dir='ltr'>saec¹</span> <span class='ocrx_word' id='word_1_43' title='bbox 540 530 581 559; x_wconf 88' lang='grc'>16.</span> <span class='ocrx_word' id='word_1_44' title='bbox 625 531 694 559; x_wconf 81' lang='lat' dir='ltr'>cod.</span> <span class='ocrx_word' id='word_1_45' title='bbox 723 531 929 559; x_wconf 88' lang='lat' dir='ltr'>Vindobonen.</span> <span class='ocrx_word' id='word_1_46' title='bbox 957 529 1064 558; x_wconf 83' lang='lat'>11857.</span> <span class='ocrx_word' id='word_1_47' title='bbox 1092 531 1125 558; x_wconf 84' lang='lat' dir='ltr'>B.</span> <span class='ocrx_word' id='word_1_48' title='bbox 1147 545 1183 550; x_wconf 93' lang='lat'>-</span> <span class='ocrx_word' id='word_1_49' title='bbox 1205 527 1259 564; x_wconf 82' lang='lat' dir='ltr'>2b,</span> <span class='ocrx_word' id='word_1_50' title='bbox 1279 529 1298 559; x_wconf 86' lang='lat'>3</span> <span class='ocrx_word' id='word_1_51' title='bbox 1325 533 1354 558; x_wconf 82' lang='lat' dir='ltr'>te</span> <span class='ocrx_word' id='word_1_52' title='bbox 1375 531 1408 558; x_wconf 90' lang='lat' dir='ltr'>B.</span> <span class='ocrx_word' id='word_1_53' title='bbox 1429 543 1468 548; x_wconf 92' lang='lat'>—</span> 
     </span>
     <span class='ocr_line' id='line_1_14' title="bbox 139 567 1470 608; baseline -0.004 -9"><span class='ocrx_word' id='word_1_54' title='bbox 139 571 193 604; x_wconf 81' lang='grc'><strong>31),</strong></span> <span class='ocrx_word' id='word_1_55' title='bbox 211 570 229 599; x_wconf 89' lang='lat'>3</span> <span class='ocrx_word' id='word_1_56' title='bbox 250 582 293 608; x_wconf 76' lang='lat' dir='ltr'>sq.</span> <span class='ocrx_word' id='word_1_57' title='bbox 315 572 483 606; x_wconf 86' lang='lat' dir='ltr'>Natumque</span> <span class='ocrx_word' id='word_1_58' title='bbox 506 579 618 607; x_wconf 75' lang='lat' dir='ltr'>suoque</span> <span class='ocrx_word' id='word_1_59' title='bbox 640 571 729 598; x_wconf 85' lang='lat' dir='ltr'>ubere</span> <span class='ocrx_word' id='word_1_60' title='bbox 751 571 784 597; x_wconf 86' lang='lat' dir='ltr'>B.</span> <span class='ocrx_word' id='word_1_61' title='bbox 807 584 843 588; x_wconf 95' lang='lat'>—-</span> <span class='ocrx_word' id='word_1_62' title='bbox 868 570 919 602; x_wconf 81' lang='lat' dir='ltr'>4a,</span> <span class='ocrx_word' id='word_1_63' title='bbox 934 568 951 596; x_wconf 89' lang='grc'><strong>2</strong></span> <span class='ocrx_word' id='word_1_64' title='bbox 973 571 1085 606; x_wconf 84' lang='lat' dir='ltr'>absque</span> <span class='ocrx_word' id='word_1_65' title='bbox 1108 570 1140 597; x_wconf 91' lang='lat' dir='ltr'>B.</span> <span class='ocrx_word' id='word_1_66' title='bbox 1158 585 1194 589; x_wconf 92' lang='lat'>—</span> <span class='ocrx_word' id='word_1_67' title='bbox 1209 567 1262 602; x_wconf 67' lang='lat'>42„</span> <span class='ocrx_word' id='word_1_68' title='bbox 1277 567 1295 597; x_wconf 88' lang='lat'>3</span> <span class='ocrx_word' id='word_1_69' title='bbox 1317 570 1470 606; x_wconf 81' lang='lat' dir='ltr'><strong>oppugnat</strong></span> 
     </span>
     <span class='ocr_line' id='line_1_15' title="bbox 138 608 1389 644; baseline -0.003 -6"><span class='ocrx_word' id='word_1_70' title='bbox 138 612 169 638; x_wconf 87' lang='lat' dir='ltr'>B.</span> <span class='ocrx_word' id='word_1_71' title='bbox 191 625 230 630; x_wconf 93' lang='lat'><strong>—</strong></span> <span class='ocrx_word' id='word_1_72' title='bbox 250 610 300 643; x_wconf 88' lang='lat' dir='ltr'>5a,</span> <span class='ocrx_word' id='word_1_73' title='bbox 326 609 337 637; x_wconf 93' lang='lat' dir='ltr'>l</span> <span class='ocrx_word' id='word_1_74' title='bbox 362 612 474 638; x_wconf 81' lang='lat' dir='ltr'>Rursus</span> <span class='ocrx_word' id='word_1_75' title='bbox 496 619 532 637; x_wconf 91' lang='lat' dir='ltr'>ne</span> <span class='ocrx_word' id='word_1_76' title='bbox 552 609 694 637; x_wconf 85' lang='lat' dir='ltr'>dedamur</span> <span class='ocrx_word' id='word_1_77' title='bbox 715 609 748 636; x_wconf 90' lang='grc' dir='ltr'>Β.</span> <span class='ocrx_word' id='word_1_78' title='bbox 770 623 808 628; x_wconf 95' lang='grc'><strong>-</strong></span> <span class='ocrx_word' id='word_1_79' title='bbox 829 608 974 637; x_wconf 87' lang='lat' dir='ltr'>Melodie:</span> <span class='ocrx_word' id='word_1_80' title='bbox 996 609 1116 636; x_wconf 77' lang='lat' dir='ltr'>Mittit</span> <span class='ocrx_word' id='word_1_81' title='bbox 1137 608 1178 636; x_wconf 82' lang='lat' dir='ltr'>ad</span> <span class='ocrx_word' id='word_1_82' title='bbox 1202 609 1389 644; x_wconf 78' lang='lat' dir='ltr'>virginem.</span> 
     </span>
    </p>
   </div>
   <div class='ocr_carea' id='block_1_5' title="bbox 550 720 1049 753">
    <p class='ocr_par' dir='ltr' id='par_1_5' title="bbox 550 720 1049 753">
     <span class='ocr_line' id='line_1_16' title="bbox 550 720 1049 753; baseline -0.002 0"><span class='ocrx_word' id='word_1_83' title='bbox 550 723 598 753; x_wconf 83' lang='grc'>48.</span> <span class='ocrx_word' id='word_1_84' title='bbox 635 723 669 753; x_wconf 88' lang='grc'>111</span> <span class='ocrx_word' id='word_1_85' title='bbox 692 721 939 753; x_wconf 79' lang='lat' dir='ltr'>Annuntiatione</span> <span class='ocrx_word' id='word_1_86' title='bbox 960 720 1049 752; x_wconf 76' lang='lat' dir='ltr'>BMV.</span> 
     </span>
    </p>
   </div>
   <div class='ocr_carea' id='block_1_6' title="bbox 145 803 642 1029">
    <p class='ocr_par' dir='ltr' id='par_1_6' title="bbox 145 803 642 1029">
     <span class='ocr_line' id='line_1_17' title="bbox 145 803 642 847; baseline -0.01 -7"><span class='ocrx_word' id='word_1_87' title='bbox 145 807 205 840; x_wconf 87' lang='lat' dir='ltr'>1a.</span> <span class='ocrx_word' id='word_1_88' title='bbox 232 805 301 838; x_wconf 85' lang='lat' dir='ltr'>Rex</span> <span class='ocrx_word' id='word_1_89' title='bbox 328 813 449 847; x_wconf 86' lang='lat' dir='ltr'>regum,</span> <span class='ocrx_word' id='word_1_90' title='bbox 475 803 642 844; x_wconf 84' lang='lat' dir='ltr'>Dominus,</span> 
     </span>
     <span class='ocr_line' id='line_1_18' title="bbox 232 852 557 890; baseline -0.012 -3"><span class='ocrx_word' id='word_1_91' title='bbox 232 854 290 887; x_wconf 86' lang='lat' dir='ltr'>Cui</span> <span class='ocrx_word' id='word_1_92' title='bbox 317 862 432 884; x_wconf 88' lang='lat' dir='ltr'>nomen</span> <span class='ocrx_word' id='word_1_93' title='bbox 459 852 557 890; x_wconf 85' lang='lat' dir='ltr'>Deus,</span> 
     </span>
     <span class='ocr_line' id='line_1_19' title="bbox 279 900 605 934; baseline -0.009 0"><span class='ocrx_word' id='word_1_94' title='bbox 279 902 317 934; x_wconf 93' lang='lat' dir='ltr'>In</span> <span class='ocrx_word' id='word_1_95' title='bbox 345 902 433 933; x_wconf 88' lang='lat' dir='ltr'>caelo</span> <span class='ocrx_word' id='word_1_96' title='bbox 459 900 605 932; x_wconf 83' lang='lat' dir='ltr'>residens</span> 
     </span>
     <span class='ocr_line' id='line_1_20' title="bbox 280 949 632 985; baseline -0.006 -4"><span class='ocrx_word' id='word_1_97' title='bbox 280 950 322 982; x_wconf 91' lang='lat' dir='ltr'>Et</span> <span class='ocrx_word' id='word_1_98' title='bbox 349 953 469 981; x_wconf 87' lang='lat' dir='ltr'>terram</span> <span class='ocrx_word' id='word_1_99' title='bbox 496 949 632 985; x_wconf 73' lang='lat' dir='ltr'>intuens.</span> 
     </span>
     <span class='ocr_line' id='line_1_21' title="bbox 327 997 610 1029; baseline -0.007 0"><span class='ocrx_word' id='word_1_100' title='bbox 327 999 446 1029; x_wconf 88' lang='lat' dir='ltr'>Amore</span> <span class='ocrx_word' id='word_1_101' title='bbox 472 997 610 1029; x_wconf 90' lang='lat' dir='ltr'>hominis</span> 
     </span>
    </p>
   </div>
   <div class='ocr_carea' id='block_1_7' title="bbox 145 1075 683 1301">
    <p class='ocr_par' dir='ltr' id='par_1_7' title="bbox 145 1075 683 1301">
     <span class='ocr_line' id='line_1_22' title="bbox 145 1075 560 1114; baseline -0.005 -7"><span class='ocrx_word' id='word_1_102' title='bbox 145 1078 207 1109; x_wconf 85' lang='lat' dir='ltr'>2a.</span> <span class='ocrx_word' id='word_1_103' title='bbox 235 1076 313 1109; x_wconf 83' lang='lat' dir='ltr'>Abit</span> <span class='ocrx_word' id='word_1_104' title='bbox 340 1079 467 1114; x_wconf 86' lang='lat' dir='ltr'>sumpto</span> <span class='ocrx_word' id='word_1_105' title='bbox 492 1075 560 1106; x_wconf 66' lang='lat' dir='ltr'>Are</span> 
     </span>
     <span class='ocr_line' id='line_1_23' title="bbox 279 1122 573 1163; baseline -0.003 -9"><span class='ocrx_word' id='word_1_106' title='bbox 279 1123 405 1154; x_wconf 84' lang='lat' dir='ltr'>Fidelis</span> <span class='ocrx_word' id='word_1_107' title='bbox 432 1122 573 1163; x_wconf 81' lang='lat' dir='ltr'>baiulus,</span> 
     </span>
     <span class='ocr_line' id='line_1_24' title="bbox 231 1170 541 1207; baseline -0.01 -3"><span class='ocrx_word' id='word_1_108' title='bbox 231 1171 294 1204; x_wconf 88' lang='lat' dir='ltr'>Init</span> <span class='ocrx_word' id='word_1_109' title='bbox 321 1171 353 1202; x_wconf 90' lang='lat' dir='ltr'>in</span> <span class='ocrx_word' id='word_1_110' title='bbox 380 1170 541 1207; x_wconf 73' lang='lat' dir='ltr'>conclave,</span> 
     </span>
     <span class='ocr_line' id='line_1_25' title="bbox 283 1219 581 1258; baseline -0.003 -8"><span class='ocrx_word' id='word_1_111' title='bbox 283 1219 407 1258; x_wconf 83' lang='lat' dir='ltr'>Virgini</span> <span class='ocrx_word' id='word_1_112' title='bbox 434 1219 581 1258; x_wconf 87' lang='lat' dir='ltr'>protinus</span> 
     </span>
     <span class='ocr_line' id='line_1_26' title="bbox 330 1266 683 1301; baseline 0.006 -3"><span class='ocrx_word' id='word_1_113' title='bbox 330 1268 427 1298; x_wconf 88' lang='lat' dir='ltr'>Astat</span> <span class='ocrx_word' id='word_1_114' title='bbox 454 1266 562 1299; x_wconf 87' lang='lat' dir='ltr'>clauso</span> <span class='ocrx_word' id='word_1_115' title='bbox 591 1267 683 1301; x_wconf 84' lang='lat' dir='ltr'>osti0.</span> 
     </span>
    </p>
   </div>
   <div class='ocr_carea' id='block_1_8' title="bbox 149 1343 648 1570">
    <p class='ocr_par' dir='ltr' id='par_1_8' title="bbox 149 1343 648 1570">
     <span class='ocr_line' id='line_1_27' title="bbox 149 1343 584 1383; baseline -0.011 -4"><span class='ocrx_word' id='word_1_116' title='bbox 149 1347 209 1379; x_wconf 71' lang='lat'>32.</span> <span class='ocrx_word' id='word_1_117' title='bbox 238 1345 298 1377; x_wconf 83' lang='lat' dir='ltr'>llla</span> <span class='ocrx_word' id='word_1_118' title='bbox 324 1344 398 1376; x_wconf 89' lang='lat' dir='ltr'>hinc</span> <span class='ocrx_word' id='word_1_119' title='bbox 424 1343 584 1383; x_wconf 80' lang='lat' dir='ltr'>obstupet,</span> 
     </span>
     <span class='ocr_line' id='line_1_28' title="bbox 281 1393 572 1431; baseline -0.007 -7"><span class='ocrx_word' id='word_1_120' title='bbox 281 1393 398 1424; x_wconf 83' lang='lat' dir='ltr'>Animo</span> <span class='ocrx_word' id='word_1_121' title='bbox 424 1393 572 1431; x_wconf 85' lang='lat' dir='ltr'>revolvit,</span> 
     </span>
     <span class='ocr_line' id='line_1_29' title="bbox 234 1441 648 1482; baseline -0.002 -10"><span class='ocrx_word' id='word_1_122' title='bbox 234 1442 384 1482; x_wconf 83' lang='lat' dir='ltr'>Quisnam</span> <span class='ocrx_word' id='word_1_123' title='bbox 412 1441 494 1472; x_wconf 84' lang='lat' dir='ltr'>hanc</span> <span class='ocrx_word' id='word_1_124' title='bbox 520 1441 648 1479; x_wconf 87' lang='lat' dir='ltr'>salutet,</span> 
     </span>
     <span class='ocr_line' id='line_1_30' title="bbox 282 1489 580 1521; baseline -0.007 0"><span class='ocrx_word' id='word_1_125' title='bbox 282 1489 423 1521; x_wconf 84' lang='lat' dir='ltr'>Miratur</span> <span class='ocrx_word' id='word_1_126' title='bbox 449 1493 481 1519; x_wconf 90' lang='lat' dir='ltr'>et</span> <span class='ocrx_word' id='word_1_127' title='bbox 507 1489 580 1520; x_wconf 89' lang='lat' dir='ltr'>huic</span> 
     </span>
     <span class='ocr_line' id='line_1_31' title="bbox 332 1537 538 1570; baseline 0 -1"><span class='ocrx_word' id='word_1_128' title='bbox 332 1537 538 1570; x_wconf 84' lang='lat' dir='ltr'>Salutationi.</span> 
     </span>
    </p>
   </div>
   <div class='ocr_carea' id='block_1_9' title="bbox 149 1614 723 1800">
    <p class='ocr_par' dir='ltr' id='par_1_9' title="bbox 149 1614 612 1703">
     <span class='ocr_line' id='line_1_32' title="bbox 149 1614 612 1657; baseline -0.009 -8"><span class='ocrx_word' id='word_1_129' title='bbox 149 1618 209 1649; x_wconf 75' lang='lat'>42.</span> <span class='ocrx_word' id='word_1_130' title='bbox 242 1615 325 1657; x_wconf 87' lang='lat' dir='ltr'>„Sed</span> <span class='ocrx_word' id='word_1_131' title='bbox 352 1615 451 1647; x_wconf 84' lang='lat' dir='ltr'>verba</span> <span class='ocrx_word' id='word_1_132' title='bbox 476 1614 612 1657; x_wconf 81' lang='lat' dir='ltr'>suscipe,</span> 
     </span>
     <span class='ocr_line' id='line_1_33' title="bbox 238 1663 527 1703; baseline -0.01 -7"><span class='ocrx_word' id='word_1_133' title='bbox 238 1664 356 1697; x_wconf 89' lang='lat' dir='ltr'>Filium</span> <span class='ocrx_word' id='word_1_134' title='bbox 385 1663 527 1703; x_wconf 84' lang='lat' dir='ltr'>concipe,</span> 
     </span>
    </p>

    <p class='ocr_par' dir='ltr' id='par_1_10' title="bbox 287 1711 628 1753">
     <span class='ocr_line' id='line_1_34' title="bbox 287 1711 628 1753; baseline -0.003 -10"><span class='ocrx_word' id='word_1_135' title='bbox 287 1712 405 1751; x_wconf 85' lang='lat' dir='ltr'>Regem</span> <span class='ocrx_word' id='word_1_136' title='bbox 432 1711 628 1753; x_wconf 78' lang='lat' dir='ltr'>angelorum,</span> 
     </span>
    </p>

    <p class='ocr_par' dir='ltr' id='par_1_11' title="bbox 285 1759 723 1800">
     <span class='ocr_line' id='line_1_35' title="bbox 285 1759 723 1800; baseline -0.002 -9"><span class='ocrx_word' id='word_1_137' title='bbox 285 1760 328 1791; x_wconf 89' lang='lat' dir='ltr'>Et</span> <span class='ocrx_word' id='word_1_138' title='bbox 352 1759 424 1800; x_wconf 88' lang='lat' dir='ltr'>pari</span> <span class='ocrx_word' id='word_1_139' title='bbox 449 1759 553 1791; x_wconf 90' lang='lat' dir='ltr'>Deum</span> <span class='ocrx_word' id='word_1_140' title='bbox 580 1759 723 1798; x_wconf 84' lang='lat' dir='ltr'>deorum,</span> 
     </span>
    </p>
   </div>
   <div class='ocr_carea' id='block_1_10' title="bbox 336 1805 796 1847">
    <p class='ocr_par' dir='ltr' id='par_1_12' title="bbox 336 1805 796 1847">
     <span class='ocr_line' id='line_1_36' title="bbox 336 1805 796 1847; baseline 0.004 -8"><span class='ocrx_word' id='word_1_141' title='bbox 336 1808 458 1840; x_wconf 89' lang='lat' dir='ltr'>Nomen</span> <span class='ocrx_word' id='word_1_142' title='bbox 468 1808 668 1847; x_wconf 83' lang='lat' dir='ltr'>cuiimpones</span> <span class='ocrx_word' id='word_1_143' title='bbox 675 1805 796 1843; x_wconf 85' lang='lat' dir='ltr'>Iesus.“</span> 
     </span>
    </p>
   </div>
   <div class='ocr_carea' id='block_1_11' title="bbox 155 1885 777 2167">
    <p class='ocr_par' dir='ltr' id='par_1_13' title="bbox 155 1885 777 2167">
     <span class='ocr_line' id='line_1_37' title="bbox 155 1885 520 1921; baseline -0.014 0"><span class='ocrx_word' id='word_1_144' title='bbox 155 1890 212 1921; x_wconf 85' lang='lat' dir='ltr'>5a.</span> <span class='ocrx_word' id='word_1_145' title='bbox 241 1887 293 1919; x_wconf 90' lang='lat' dir='ltr'>Illi</span> <span class='ocrx_word' id='word_1_146' title='bbox 316 1886 373 1918; x_wconf 87' lang='lat' dir='ltr'>illa</span> <span class='ocrx_word' id='word_1_147' title='bbox 400 1885 520 1917; x_wconf 87' lang='lat' dir='ltr'>credit:</span> 
     </span>
     <span class='ocr_line' id='line_1_38' title="bbox 292 1931 777 1977; baseline -0.002 -11"><span class='ocrx_word' id='word_1_148' title='bbox 292 1934 373 1977; x_wconf 81' lang='lat' dir='ltr'>„En,</span> <span class='ocrx_word' id='word_1_149' title='bbox 383 1934 446 1966; x_wconf 89' lang='lat' dir='ltr'>iam</span> <span class='ocrx_word' id='word_1_150' title='bbox 454 1935 537 1974; x_wconf 87' lang='lat' dir='ltr'>regis</span> <span class='ocrx_word' id='word_1_151' title='bbox 546 1943 614 1965; x_wconf 84' lang='lat' dir='ltr'>sum</span> <span class='ocrx_word' id='word_1_152' title='bbox 622 1931 777 1973; x_wconf 81' lang='lat' dir='ltr'>ancilla“;</span> 
     </span>
     <span class='ocr_line' id='line_1_39' title="bbox 240 1982 614 2024; baseline -0.008 -7"><span class='ocrx_word' id='word_1_153' title='bbox 240 1983 390 2024; x_wconf 87' lang='lat' dir='ltr'>Concipit</span> <span class='ocrx_word' id='word_1_154' title='bbox 416 1991 499 2021; x_wconf 82' lang='lat' dir='ltr'>mox,</span> <span class='ocrx_word' id='word_1_155' title='bbox 528 1982 614 2022; x_wconf 83' lang='lat' dir='ltr'>parit</span> 
     </span>
     <span class='ocr_line' id='line_1_40' title="bbox 289 2027 735 2074; baseline -0.002 -10"><span class='ocrx_word' id='word_1_156' title='bbox 289 2032 315 2064; x_wconf 88' lang='lat' dir='ltr'>F</span> <span class='ocrx_word' id='word_1_157' title='bbox 319 2031 429 2070; x_wconf 79' lang='lat' dir='ltr'>ilium3</span> <span class='ocrx_word' id='word_1_158' title='bbox 458 2027 589 2074; x_wconf 83' lang='lat' dir='ltr'>[matre]</span> <span class='ocrx_word' id='word_1_159' title='bbox 618 2031 652 2062; x_wconf 92' lang='lat' dir='ltr'>in</span> <span class='ocrx_word' id='word_1_160' title='bbox 677 2030 735 2063; x_wconf 83' lang='lat' dir='ltr'>illa</span> 
     </span>
     <span class='ocr_line' id='line_1_41' title="bbox 337 2080 507 2113; baseline -0.018 0"><span class='ocrx_word' id='word_1_161' title='bbox 337 2080 507 2113; x_wconf 83' lang='lat' dir='ltr'>Permanet</span> 
     </span>
     <span class='ocr_line' id='line_1_42' title="bbox 383 2127 704 2167; baseline -0.006 -7"><span class='ocrx_word' id='word_1_162' title='bbox 383 2129 497 2160; x_wconf 81' lang='lat' dir='ltr'>illaesa</span> <span class='ocrx_word' id='word_1_163' title='bbox 523 2127 704 2167; x_wconf 87' lang='lat' dir='ltr'>virginitas.</span> 
     </span>
    </p>
   </div>
   <div class='ocr_carea' id='block_1_12' title="bbox 154 2205 778 2482">
    <p class='ocr_par' dir='ltr' id='par_1_14' title="bbox 154 2205 778 2482">
     <span class='ocr_line' id='line_1_43' title="bbox 154 2205 649 2241; baseline -0.01 0"><span class='ocrx_word' id='word_1_164' title='bbox 154 2210 213 2241; x_wconf 72' lang='lat' dir='ltr'>fia.</span> <span class='ocrx_word' id='word_1_165' title='bbox 240 2207 346 2240; x_wconf 89' lang='lat' dir='ltr'>Adam</span> <span class='ocrx_word' id='word_1_166' title='bbox 374 2206 496 2238; x_wconf 87' lang='lat' dir='ltr'>caelum</span> <span class='ocrx_word' id='word_1_167' title='bbox 525 2205 649 2238; x_wconf 87' lang='lat' dir='ltr'>claudit</span> 
     </span>
     <span class='ocr_line' id='line_1_44' title="bbox 288 2253 778 2293; baseline -0.006 -5"><span class='ocrx_word' id='word_1_168' title='bbox 288 2255 358 2288; x_wconf 86' lang='lat' dir='ltr'>Eva</span> <span class='ocrx_word' id='word_1_169' title='bbox 387 2264 457 2286; x_wconf 92' lang='lat' dir='ltr'>cum</span> <span class='ocrx_word' id='word_1_170' title='bbox 479 2263 576 2287; x_wconf 86' lang='lat' dir='ltr'>suasu</span> <span class='ocrx_word' id='word_1_171' title='bbox 595 2253 778 2293; x_wconf 80' lang='lat' dir='ltr'>daemonis3</span> 
     </span>
     <span class='ocr_line' id='line_1_45' title="bbox 241 2303 544 2343; baseline -0.007 -6"><span class='ocrx_word' id='word_1_172' title='bbox 241 2304 327 2337; x_wconf 91' lang='lat' dir='ltr'>Illud</span> <span class='ocrx_word' id='word_1_173' title='bbox 353 2304 413 2336; x_wconf 92' lang='lat' dir='ltr'>hoc</span> <span class='ocrx_word' id='word_1_174' title='bbox 436 2303 544 2343; x_wconf 87' lang='lat' dir='ltr'>aperit</span> 
     </span>
     <span class='ocr_line' id='line_1_46' title="bbox 288 2350 750 2394; baseline 0 -10"><span class='ocrx_word' id='word_1_175' title='bbox 288 2352 359 2385; x_wconf 69' lang='lat' dir='ltr'>Ave</span> <span class='ocrx_word' id='word_1_176' title='bbox 385 2361 455 2384; x_wconf 90' lang='lat' dir='ltr'>cum</span> <span class='ocrx_word' id='word_1_177' title='bbox 481 2355 578 2394; x_wconf 86' lang='lat' dir='ltr'>partu</span> <span class='ocrx_word' id='word_1_178' title='bbox 605 2350 750 2392; x_wconf 85' lang='lat' dir='ltr'>virginis.</span> 
     </span>
     <span class='ocr_line' id='line_1_47' title="bbox 338 2400 609 2442; baseline -0.007 -9"><span class='ocrx_word' id='word_1_179' title='bbox 338 2401 421 2433; x_wconf 91' lang='lat' dir='ltr'>Illuc</span> <span class='ocrx_word' id='word_1_180' title='bbox 446 2411 509 2434; x_wconf 93' lang='lat' dir='ltr'>non</span> <span class='ocrx_word' id='word_1_181' title='bbox 534 2400 609 2442; x_wconf 82' lang='lat' dir='ltr'>ibis,</span> 
     </span>
     <span class='ocr_line' id='line_1_48' title="bbox 387 2448 748 2482; baseline 0.006 -2"><span class='ocrx_word' id='word_1_182' title='bbox 387 2450 418 2481; x_wconf 88' lang='lat' dir='ltr'>ni</span> <span class='ocrx_word' id='word_1_183' title='bbox 445 2449 530 2481; x_wconf 84' lang='lat' dir='ltr'>lotus</span> <span class='ocrx_word' id='word_1_184' title='bbox 557 2448 748 2482; x_wconf 86' lang='lat' dir='ltr'>credideris.</span> 
     </span>
    </p>
   </div>
   <div class='ocr_carea' id='block_1_13' title="bbox 842 801 1400 1034">
    <p class='ocr_par' dir='ltr' id='par_1_15' title="bbox 842 801 1400 1034">
     <span class='ocr_line' id='line_1_49' title="bbox 842 801 1315 841; baseline -0.006 -6"><span class='ocrx_word' id='word_1_185' title='bbox 842 803 901 835; x_wconf 90' lang='lat' dir='ltr'>lb.</span> <span class='ocrx_word' id='word_1_186' title='bbox 930 801 1009 834; x_wconf 84' lang='lat' dir='ltr'>Mox</span> <span class='ocrx_word' id='word_1_187' title='bbox 1035 802 1121 841; x_wconf 84' lang='lat' dir='ltr'>legat</span> <span class='ocrx_word' id='word_1_188' title='bbox 1147 802 1315 841; x_wconf 87' lang='lat' dir='ltr'>praevium</span> 
     </span>
     <span class='ocr_line' id='line_1_50' title="bbox 927 849 1334 888; baseline 0 -8"><span class='ocrx_word' id='word_1_189' title='bbox 927 849 1060 882; x_wconf 83' lang='lat' dir='ltr'>Fortem</span> <span class='ocrx_word' id='word_1_190' title='bbox 1087 849 1334 888; x_wconf 78' lang='lat' dir='ltr'>archangelum3</span> 
     </span>
     <span class='ocr_line' id='line_1_51' title="bbox 982 897 1400 940; baseline -0.002 -10"><span class='ocrx_word' id='word_1_191' title='bbox 982 897 1053 940; x_wconf 56' lang='lat'>„1⁴2</span> <span class='ocrx_word' id='word_1_192' title='bbox 1080 897 1195 937; x_wconf 88' lang='lat' dir='ltr'>inquit,</span> <span class='ocrx_word' id='word_1_193' title='bbox 1229 905 1400 940; x_wconf 82' lang='lat' dir='ltr'>„propera,</span> 
     </span>
     <span class='ocr_line' id='line_1_52' title="bbox 978 945 1272 985; baseline -0.003 -7"><span class='ocrx_word' id='word_1_194' title='bbox 978 945 1165 985; x_wconf 85' lang='lat' dir='ltr'>Hospitium</span> <span class='ocrx_word' id='word_1_195' title='bbox 1192 955 1272 985; x_wconf 86' lang='lat' dir='ltr'>para</span> 
     </span>
     <span class='ocr_line' id='line_1_53' title="bbox 1024 991 1380 1034; baseline -0.006 -8"><span class='ocrx_word' id='word_1_196' title='bbox 1024 996 1062 1027; x_wconf 88' lang='lat' dir='ltr'>In</span> <span class='ocrx_word' id='word_1_197' title='bbox 1091 993 1185 1026; x_wconf 91' lang='lat' dir='ltr'>domo</span> <span class='ocrx_word' id='word_1_198' title='bbox 1212 991 1380 1034; x_wconf 79' lang='lat' dir='ltr'>virginis“,</span> 
     </span>
    </p>
   </div>
   <div class='ocr_carea' id='block_1_14' title="bbox 842 1071 1411 1296">
    <p class='ocr_par' dir='ltr' id='par_1_16' title="bbox 842 1071 1411 1296">
     <span class='ocr_line' id='line_1_54' title="bbox 842 1071 1230 1106; baseline -0.013 0"><span class='ocrx_word' id='word_1_199' title='bbox 842 1073 904 1106; x_wconf 87' lang='lat' dir='ltr'>2b.</span> <span class='ocrx_word' id='word_1_200' title='bbox 931 1072 1006 1104; x_wconf 83' lang='lat' dir='ltr'>Rite</span> <span class='ocrx_word' id='word_1_201' title='bbox 1032 1071 1151 1103; x_wconf 85' lang='lat' dir='ltr'>salutat</span> <span class='ocrx_word' id='word_1_202' title='bbox 1178 1071 1230 1102; x_wconf 91' lang='lat' dir='ltr'>hic</span> 
     </span>
     <span class='ocr_line' id='line_1_55' title="bbox 978 1119 1352 1161; baseline -0.005 -9"><span class='ocrx_word' id='word_1_203' title='bbox 978 1120 1088 1152; x_wconf 89' lang='lat' dir='ltr'>Hanc:</span> <span class='ocrx_word' id='word_1_204' title='bbox 1122 1120 1222 1161; x_wconf 81' lang='lat' dir='ltr'>„Ave‚</span> <span class='ocrx_word' id='word_1_205' title='bbox 1246 1119 1352 1159; x_wconf 86' lang='lat' dir='ltr'>gratia</span> 
     </span>
     <span class='ocr_line' id='line_1_56' title="bbox 930 1166 1294 1207; baseline -0.003 -8"><span class='ocrx_word' id='word_1_206' title='bbox 930 1168 1039 1207; x_wconf 84' lang='lat' dir='ltr'>Plena,</span> <span class='ocrx_word' id='word_1_207' title='bbox 1068 1166 1224 1199; x_wconf 89' lang='lat' dir='ltr'>Dominus</span> <span class='ocrx_word' id='word_1_208' title='bbox 1251 1168 1294 1198; x_wconf 85' lang='lat' dir='ltr'>sit</span> 
     </span>
     <span class='ocr_line' id='line_1_57' title="bbox 977 1214 1411 1256; baseline -0.002 -7"><span class='ocrx_word' id='word_1_209' title='bbox 977 1214 1132 1249; x_wconf 83' lang='lat' dir='ltr'>Tecum“.</span> <span class='ocrx_word' id='word_1_210' title='bbox 1184 1215 1210 1248; x_wconf 94' lang='grc' dir='ltr'>Ο</span> <span class='ocrx_word' id='word_1_211' title='bbox 1237 1225 1332 1256; x_wconf 89' lang='lat' dir='ltr'>quam</span> <span class='ocrx_word' id='word_1_212' title='bbox 1356 1216 1411 1256; x_wconf 83' lang='lat' dir='ltr'>pia</span> 
     </span>
     <span class='ocr_line' id='line_1_58' title="bbox 1025 1263 1387 1296; baseline 0 0"><span class='ocrx_word' id='word_1_213' title='bbox 1025 1264 1086 1296; x_wconf 84' lang='lat' dir='ltr'>Est</span> <span class='ocrx_word' id='word_1_214' title='bbox 1111 1264 1190 1295; x_wconf 85' lang='lat' dir='ltr'>haec</span> <span class='ocrx_word' id='word_1_215' title='bbox 1216 1263 1387 1296; x_wconf 82' lang='lat' dir='ltr'>salutatio!</span> 
     </span>
    </p>
   </div>
   <div class='ocr_carea' id='block_1_15' title="bbox 842 1342 1402 1575">
    <p class='ocr_par' dir='ltr' id='par_1_17' title="bbox 842 1342 1402 1575">
     <span class='ocr_line' id='line_1_59' title="bbox 842 1342 1252 1382; baseline -0.002 -8"><span class='ocrx_word' id='word_1_216' title='bbox 842 1343 900 1376; x_wconf 87' lang='lat' dir='ltr'>3b.</span> <span class='ocrx_word' id='word_1_217' title='bbox 927 1342 1071 1382; x_wconf 86' lang='lat' dir='ltr'>Angelus</span> <span class='ocrx_word' id='word_1_218' title='bbox 1097 1342 1137 1373; x_wconf 84' lang='lat' dir='ltr'>ad</span> <span class='ocrx_word' id='word_1_219' title='bbox 1166 1350 1252 1373; x_wconf 88' lang='lat' dir='ltr'>eam:</span> 
     </span>
     <span class='ocr_line' id='line_1_60' title="bbox 980 1390 1302 1432; baseline -0.003 -11"><span class='ocrx_word' id='word_1_220' title='bbox 980 1390 1116 1432; x_wconf 51' lang='lat' dir='ltr'>„Maria</span> <span class='ocrx_word' id='word_1_221' title='bbox 1143 1398 1183 1421; x_wconf 85' lang='lat' dir='ltr'>ne</span> <span class='ocrx_word' id='word_1_222' title='bbox 1211 1398 1302 1431; x_wconf 86' lang='lat' dir='ltr'>pave,</span> 
     </span>
     <span class='ocr_line' id='line_1_61' title="bbox 929 1437 1227 1478; baseline -0.003 -9"><span class='ocrx_word' id='word_1_223' title='bbox 929 1437 1062 1470; x_wconf 88' lang='lat' dir='ltr'>Obtines</span> <span class='ocrx_word' id='word_1_224' title='bbox 1089 1438 1227 1478; x_wconf 82' lang='lat' dir='ltr'>gratiam</span> 
     </span>
     <span class='ocr_line' id='line_1_62' title="bbox 979 1486 1334 1527; baseline -0.006 -8"><span class='ocrx_word' id='word_1_225' title='bbox 979 1486 1076 1527; x_wconf 81' lang='lat' dir='ltr'>Regis</span> <span class='ocrx_word' id='word_1_226' title='bbox 1103 1486 1230 1524; x_wconf 86' lang='lat' dir='ltr'>summi,</span> <span class='ocrx_word' id='word_1_227' title='bbox 1257 1495 1334 1518; x_wconf 85' lang='lat' dir='ltr'>cave</span> 
     </span>
     <span class='ocr_line' id='line_1_63' title="bbox 1027 1534 1402 1575; baseline 0.003 -9"><span class='ocrx_word' id='word_1_228' title='bbox 1027 1535 1166 1567; x_wconf 85' lang='lat' dir='ltr'>Tantum</span> <span class='ocrx_word' id='word_1_229' title='bbox 1194 1534 1402 1575; x_wconf 69' lang='lat' dir='ltr'>dissentioni,</span> 
     </span>
    </p>
   </div>
   <div class='ocr_carea' id='block_1_16' title="bbox 843 1612 1474 1848">
    <p class='ocr_par' dir='ltr' id='par_1_18' title="bbox 843 1612 1474 1848">
     <span class='ocr_line' id='line_1_64' title="bbox 843 1612 1327 1654; baseline -0.004 -8"><span class='ocrx_word' id='word_1_230' title='bbox 843 1615 864 1646; x_wconf 85' lang='lat'><strong>4</strong></span> <span class='ocrx_word' id='word_1_231' title='bbox 876 1613 906 1645; x_wconf 90' lang='lat' dir='ltr'>b.</span> <span class='ocrx_word' id='word_1_232' title='bbox 936 1612 1052 1653; x_wconf 81' lang='lat' dir='ltr'>Virgo:</span> <span class='ocrx_word' id='word_1_233' title='bbox 1084 1613 1180 1653; x_wconf 83' lang='lat' dir='ltr'>„Sum</span> <span class='ocrx_word' id='word_1_234' title='bbox 1207 1612 1327 1654; x_wconf 81' lang='lat' dir='ltr'>ignota,</span> 
     </span>
     <span class='ocr_line' id='line_1_65' title="bbox 932 1660 1290 1701; baseline 0 -8"><span class='ocrx_word' id='word_1_235' title='bbox 932 1660 1003 1694; x_wconf 85' lang='lat' dir='ltr'>Sint</span> <span class='ocrx_word' id='word_1_236' title='bbox 1029 1661 1169 1701; x_wconf 85' lang='lat' dir='ltr'>qualiter</span> <span class='ocrx_word' id='word_1_237' title='bbox 1195 1660 1290 1693; x_wconf 81' lang='lat' dir='ltr'>ista“.</span> 
     </span>
     <span class='ocr_line' id='line_1_66' title="bbox 985 1709 1412 1751; baseline -0.002 -10"><span class='ocrx_word' id='word_1_238' title='bbox 985 1736 999 1751; x_wconf 81' lang='lat'>„</span> <span class='ocrx_word' id='word_1_239' title='bbox 1007 1709 1147 1741; x_wconf 80' lang='lat' dir='ltr'>Pneuma</span> <span class='ocrx_word' id='word_1_240' title='bbox 1174 1713 1247 1748; x_wconf 86' lang='lat' dir='ltr'>aget</span> <span class='ocrx_word' id='word_1_241' title='bbox 1273 1718 1412 1749; x_wconf 85' lang='lat' dir='ltr'>sacrum,</span> 
     </span>
     <span class='ocr_line' id='line_1_67' title="bbox 981 1755 1473 1797; baseline 0.002 -8"><span class='ocrx_word' id='word_1_242' title='bbox 981 1757 1142 1789; x_wconf 85' lang='lat' dir='ltr'>Nascatur</span> <span class='ocrx_word' id='word_1_243' title='bbox 1153 1762 1187 1789; x_wconf 87' lang='lat' dir='ltr'>ut</span> <span class='ocrx_word' id='word_1_244' title='bbox 1198 1766 1237 1789; x_wconf 87' lang='lat' dir='ltr'>ex</span> <span class='ocrx_word' id='word_1_245' title='bbox 1247 1763 1279 1789; x_wconf 87' lang='lat' dir='ltr'>te</span> <span class='ocrx_word' id='word_1_246' title='bbox 1291 1755 1457 1790; x_wconf 88' lang='lat' dir='ltr'>sanctum“</span> <span class='ocrx_word' id='word_1_247' title='bbox 1466 1783 1473 1797; x_wconf 86' lang='lat'>,</span> 
     </span>
     <span class='ocr_line' id='line_1_68' title="bbox 1027 1804 1474 1848; baseline 0 -10"><span class='ocrx_word' id='word_1_248' title='bbox 1027 1805 1153 1838; x_wconf 85' lang='lat' dir='ltr'>Mariae</span> <span class='ocrx_word' id='word_1_249' title='bbox 1165 1804 1265 1838; x_wconf 88' lang='lat' dir='ltr'>refert</span> <span class='ocrx_word' id='word_1_250' title='bbox 1274 1806 1320 1838; x_wconf 86' lang='lat' dir='ltr'>sic</span> <span class='ocrx_word' id='word_1_251' title='bbox 1329 1807 1474 1848; x_wconf 84' lang='lat' dir='ltr'>angelus.</span> 
     </span>
    </p>
   </div>
   <div class='ocr_carea' id='block_1_17' title="bbox 846 1883 1424 2161">
    <p class='ocr_par' dir='ltr' id='par_1_19' title="bbox 846 1883 1424 2161">
     <span class='ocr_line' id='line_1_69' title="bbox 846 1883 1321 1926; baseline -0.002 -9"><span class='ocrx_word' id='word_1_252' title='bbox 846 1883 905 1918; x_wconf 90' lang='lat' dir='ltr'>5b.</span> <span class='ocrx_word' id='word_1_253' title='bbox 934 1883 987 1916; x_wconf 91' lang='lat' dir='ltr'>Sic</span> <span class='ocrx_word' id='word_1_254' title='bbox 1013 1883 1049 1915; x_wconf 83' lang='lat' dir='ltr'>fit</span> <span class='ocrx_word' id='word_1_255' title='bbox 1075 1883 1208 1916; x_wconf 89' lang='lat' dir='ltr'>verbum</span> <span class='ocrx_word' id='word_1_256' title='bbox 1236 1893 1321 1926; x_wconf 81' lang='lat' dir='ltr'>cam,</span> 
     </span>
     <span class='ocr_line' id='line_1_70' title="bbox 980 1932 1368 1973; baseline 0 -8"><span class='ocrx_word' id='word_1_257' title='bbox 980 1932 1068 1965; x_wconf 87' lang='lat' dir='ltr'>Deus</span> <span class='ocrx_word' id='word_1_258' title='bbox 1095 1932 1190 1965; x_wconf 91' lang='lat' dir='ltr'>homo</span> <span class='ocrx_word' id='word_1_259' title='bbox 1216 1932 1368 1973; x_wconf 82' lang='lat' dir='ltr'>efficitur,</span> 
     </span>
     <span class='ocr_line' id='line_1_71' title="bbox 933 1980 1294 2020; baseline 0.008 -9"><span class='ocrx_word' id='word_1_260' title='bbox 933 1980 987 2012; x_wconf 89' lang='lat' dir='ltr'>Fit</span> <span class='ocrx_word' id='word_1_261' title='bbox 1013 1985 1101 2014; x_wconf 81' lang='lat' dir='ltr'>terra</span> <span class='ocrx_word' id='word_1_262' title='bbox 1128 1982 1167 2013; x_wconf 88' lang='lat' dir='ltr'>de</span> <span class='ocrx_word' id='word_1_263' title='bbox 1195 1982 1294 2020; x_wconf 80' lang='lat' dir='ltr'>caelo,</span> 
     </span>
     <span class='ocr_line' id='line_1_72' title="bbox 981 2030 1424 2071; baseline 0.002 -9"><span class='ocrx_word' id='word_1_264' title='bbox 981 2030 1079 2062; x_wconf 87' lang='lat' dir='ltr'>Pater</span> <span class='ocrx_word' id='word_1_265' title='bbox 1107 2031 1146 2062; x_wconf 84' lang='lat' dir='ltr'>de</span> <span class='ocrx_word' id='word_1_266' title='bbox 1170 2034 1246 2063; x_wconf 88' lang='lat' dir='ltr'>nata</span> <span class='ocrx_word' id='word_1_267' title='bbox 1271 2031 1424 2071; x_wconf 84' lang='lat' dir='ltr'>gignitur.</span> 
     </span>
     <span class='ocr_line' id='line_1_73' title="bbox 1030 2078 1238 2111; baseline 0.01 -2"><span class='ocrx_word' id='word_1_268' title='bbox 1030 2078 1132 2111; x_wconf 82' lang='lat' dir='ltr'>Estne</span> <span class='ocrx_word' id='word_1_269' title='bbox 1157 2079 1238 2111; x_wconf 85' lang='lat' dir='ltr'>haec</span> 
     </span>
     <span class='ocr_line' id='line_1_74' title="bbox 1078 2127 1402 2161; baseline 0.003 -2"><span class='ocrx_word' id='word_1_270' title='bbox 1078 2127 1225 2161; x_wconf 87' lang='lat' dir='ltr'>inaudita</span> <span class='ocrx_word' id='word_1_271' title='bbox 1248 2128 1402 2161; x_wconf 70' lang='lat' dir='ltr'>novitas?</span> 
     </span>
    </p>
   </div>
   <div class='ocr_carea' id='block_1_18' title="bbox 850 2204 1480 2488">
    <p class='ocr_par' dir='ltr' id='par_1_20' title="bbox 850 2204 1480 2488">
     <span class='ocr_line' id='line_1_75' title="bbox 850 2204 1309 2246; baseline 0 -8"><span class='ocrx_word' id='word_1_272' title='bbox 850 2204 909 2239; x_wconf 80' lang='grc'><strong>61).</strong></span> <span class='ocrx_word' id='word_1_273' title='bbox 936 2204 1024 2237; x_wconf 84' lang='lat' dir='ltr'>Laus</span> <span class='ocrx_word' id='word_1_274' title='bbox 1051 2209 1101 2237; x_wconf 88' lang='lat' dir='ltr'>est</span> <span class='ocrx_word' id='word_1_275' title='bbox 1125 2206 1213 2246; x_wconf 87' lang='lat' dir='ltr'>patri</span> <span class='ocrx_word' id='word_1_276' title='bbox 1239 2207 1309 2238; x_wconf 88' lang='lat' dir='ltr'>Deo</span> 
     </span>
     <span class='ocr_line' id='line_1_76' title="bbox 983 2253 1394 2297; baseline 0.002 -11"><span class='ocrx_word' id='word_1_277' title='bbox 983 2253 1066 2286; x_wconf 86' lang='lat' dir='ltr'>Illuc</span> <span class='ocrx_word' id='word_1_278' title='bbox 1093 2255 1308 2295; x_wconf 88' lang='lat' dir='ltr'>congaudenti</span> <span class='ocrx_word' id='word_1_279' title='bbox 1333 2254 1394 2297; x_wconf 82' lang='lat' dir='ltr'>illi,</span> 
     </span>
     <span class='ocr_line' id='line_1_77' title="bbox 936 2301 1348 2344; baseline 0.01 -11"><span class='ocrx_word' id='word_1_280' title='bbox 936 2301 1022 2334; x_wconf 84' lang='lat' dir='ltr'>Laus</span> <span class='ocrx_word' id='word_1_281' title='bbox 1050 2303 1217 2342; x_wconf 84' lang='lat' dir='ltr'>pneumati</span> <span class='ocrx_word' id='word_1_282' title='bbox 1243 2313 1348 2344; x_wconf 83' lang='lat' dir='ltr'>sacro,</span> 
     </span>
     <span class='ocr_line' id='line_1_78' title="bbox 984 2350 1466 2395; baseline 0.006 -14"><span class='ocrx_word' id='word_1_283' title='bbox 984 2350 1069 2382; x_wconf 83' lang='lat' dir='ltr'>Laus</span> <span class='ocrx_word' id='word_1_284' title='bbox 1096 2350 1180 2392; x_wconf 85' lang='lat' dir='ltr'>Iesu,</span> <span class='ocrx_word' id='word_1_285' title='bbox 1209 2352 1312 2385; x_wconf 88' lang='lat' dir='ltr'>honor</span> <span class='ocrx_word' id='word_1_286' title='bbox 1339 2353 1466 2395; x_wconf 85' lang='lat' dir='ltr'>virgini,</span> 
     </span>
     <span class='ocr_line' id='line_1_79' title="bbox 1034 2399 1292 2433; baseline 0 -1"><span class='ocrx_word' id='word_1_287' title='bbox 1034 2399 1084 2432; x_wconf 83' lang='lat' dir='ltr'>Sit</span> <span class='ocrx_word' id='word_1_288' title='bbox 1109 2401 1292 2433; x_wconf 91' lang='lat' dir='ltr'>hominibus</span> 
     </span>
     <span class='ocr_line' id='line_1_80' title="bbox 1082 2448 1480 2488; baseline 0.005 -7"><span class='ocrx_word' id='word_1_289' title='bbox 1082 2457 1146 2488; x_wconf 82' lang='lat' dir='ltr'>pax</span> <span class='ocrx_word' id='word_1_290' title='bbox 1160 2449 1253 2482; x_wconf 84' lang='lat' dir='ltr'>bonis</span> <span class='ocrx_word' id='word_1_291' title='bbox 1262 2449 1316 2481; x_wconf 91' lang='lat' dir='ltr'>hic</span> <span class='ocrx_word' id='word_1_292' title='bbox 1329 2449 1363 2482; x_wconf 89' lang='lat' dir='ltr'>in</span> <span class='ocrx_word' id='word_1_293' title='bbox 1373 2448 1480 2483; x_wconf 70' lang='lat' dir='ltr'>terris</span> 
     </span>
    </p>
   </div>
  </div>
 </body>
</html>
