1654 2756
631 622 651 652 1.
684 622 726 654 De
747 622 892 654 Adventu
913 621 1046 653 Domini.

178 700 238 734 la.
266 700 386 742 Magno
413 703 494 734 caeli
521 700 644 735 factore
881 703 940 738 lb.
968 703 1011 735 Et
1036 704 1077 736 ab
1103 703 1297 736 aeternitate

265 748 327 780 fuit
353 750 519 782 decretum
968 752 1255 792 praedestinatum,

177 826 237 859 2a.
266 825 312 860 Ut
337 828 535 867 sempiterno
877 829 938 862 2b.
965 829 1008 861 Et
1035 839 1053 862 a
1079 829 1217 862 subdolo

265 875 428 908 hominem
455 876 522 908 filio
548 878 722 910 redimeret
967 878 1200 910 calumniatore
1226 879 1392 913 eximeret.

176 953 238 986 3a.
267 952 398 991 Filium,
427 955 480 994 qui
507 954 540 986 in
568 956 671 995 patris
878 955 939 990 3b.
968 955 1063 987 Hunc
1087 956 1119 986 in
1146 960 1250 987 terras
1278 959 1421 988 nostram
1447 955 1489 987 ob

267 1002 366 1034 corde
391 1011 519 1042 semper
545 1002 618 1046 fuit,
965 1004 1103 1035 salutem
1131 1004 1271 1037 demisit.

176 1080 240 1114 4a.
268 1079 312 1119 Is,
340 1087 410 1110 cum
437 1088 494 1111 sex
520 1079 624 1112 lustra
869 1079 926 1114 4b.
956 1080 1125 1113 Miraculis
1153 1081 1236 1112 hunc

265 1127 298 1159 iu
325 1127 445 1159 mundo
473 1125 560 1170 [hoc]
588 1129 778 1169 peregisset,
967 1137 1061 1167 quam
1088 1129 1236 1168 plurimis
1264 1129 1467 1169 replevisset,

174 1206 236 1237 5a.
267 1203 406 1236 Verbum
435 1214 526 1237 suum
553 1204 717 1238 vivificum
877 1206 937 1239 5b.
966 1205 1010 1238 Et
1037 1206 1161 1238 cunctis
1188 1206 1329 1238 credulis
1358 1206 1441 1238 viam

264 1253 371 1293 palam
399 1254 603 1293 praedicavit
965 1255 1046 1286 caeli
1071 1256 1343 1287 commonstravit.

177 1332 239 1364 Ga.
266 1331 328 1367 Da.
355 1331 496 1372 Christe,
522 1332 616 1364 nobis
876 1332 937 1365 eb.
963 1332 1067 1373 Eique
1093 1341 1221 1373 semper

265 1384 353 1411 tuum
381 1379 515 1412 verbum
542 1380 676 1421 diligere
965 1390 1046 1422 pura
1072 1381 1137 1413 fide
1163 1381 1352 1421 adhaerere,

175 1457 236 1492 7a.
266 1458 334 1497 Quo
362 1458 476 1490 muniti
503 1461 534 1491 et
561 1457 681 1490 firmati
877 1458 938 1492 7¹0.
964 1459 1017 1491 Ad
1046 1458 1200 1491 visionem
1227 1463 1393 1491 aeternam

265 1506 430 1538 veniamus
457 1507 499 1540 ad
522 1509 554 1538 te
580 1507 652 1546 tuti,
962 1507 1004 1540 ad
1033 1508 1198 1548 lucemque
1224 1506 1467 1549 sempiternam,

557 1585 589 1618 8.
622 1584 684 1618 Ubi
712 1585 771 1617 tibi
799 1584 907 1617 dulcia

617 1637 735 1666 canunt
760 1633 904 1666 Alleluia

618 1691 676 1723 per
702 1683 905 1715 saeculorum
931 1683 1074 1715 saecula.

243 1757 408 1786 Collectan.
436 1767 489 1786 ms.
520 1758 714 1786 Bohemicum
742 1767 818 1787 saec.
849 1756 892 1786 16.
922 1768 965 1786 ex.
1009 1758 1079 1786 Cod.
1102 1758 1307 1786 Vindobonen.
1340 1756 1450 1797 1„1857.
1471 1774 1510 1779 ——

163 1796 226 1824 Aus
252 1795 306 1825 der
333 1797 468 1834 Gruppe:
497 1797 695 1833 „sequentiae
723 1797 835 1827 Christi
863 1798 1023 1826 adventum
1050 1796 1243 1826 reeolentes“.
1274 1813 1310 1816 —
1340 1799 1423 1826 Uber
1453 1798 1511 1826 den

163 1835 331 1864 Charakter
352 1836 451 1865 dieser
470 1836 531 1864 und
551 1837 603 1864 der
624 1837 782 1874 folgenden
804 1836 937 1875 Sequenz
960 1837 1021 1874 vgl.
1045 1838 1189 1869 Vorwort,
1213 1838 1242 1864 S.
1265 1835 1291 1864 9.

624 1944 652 1974 2.
685 1942 727 1974 De
748 1941 894 1974 Adventu
916 1941 1048 1973 Domini.

173 2023 235 2058 la.
262 2024 355 2065 Veni,
383 2023 430 2056 fili
455 2024 591 2067 Mariae,
838 2024 900 2058 lb.
927 2025 978 2057 De
1004 2024 1098 2056 nobis
1125 2029 1232 2056 aetum
1260 2027 1356 2066 esset,

262 2074 427 2106 Aeternae
452 2082 510 2106 rex
539 2074 658 2112 curiae,
926 2074 960 2106 Si
987 2073 1080 2106 nobis
1108 2072 1265 2105 defuisset

312 2121 414 2154 Nobis
440 2122 473 2154 in
499 2123 665 2155 auxilium.
976 2122 1079 2154 Tuum
1107 2122 1159 2153 hic
1183 2122 1394 2162 praesidium.

172 2200 233 2234 2a.
262 2201 383 2233 verum
410 2200 442 2232 in
470 2204 502 2232 te
529 2209 708 2244 speramus,
837 2199 897 2235 2b.
926 2200 1021 2233 Assis
1049 2204 1104 2232 tua
1128 2200 1233 2240 gratia

260 2249 308 2281 Te
333 2258 463 2292 semper
489 2254 726 2293 exspectamus,
926 2249 1060 2281 Miseris
1086 2250 1119 2280 in
1145 2248 1207 2280 hae
1228 2248 1292 2290 via,

311 2299 539 2340 Propugnator
564 2299 715 2334 maxime.
976 2297 1168 2329 Consolator
1193 2297 1325 2337 optime.

171 2378 234 2412 3a.
260 2376 350 2410 Audi
377 2386 436 2410 nos
464 2382 686 2419 congregatos,
837 2375 900 2411 3b.
926 2376 998 2408 Tua
1025 2375 1159 2407 colimus
1186 2374 1271 2408 festa

263 2427 301 2459 In
328 2435 425 2459 unum
451 2427 612 2460 adunatos
924 2425 1087 2457 Memores
1115 2424 1167 2457 die
1194 2425 1257 2458 ista

309 2475 372 2508 Tui
397 2476 536 2509 nominis
562 2477 607 2509 ad
633 2476 779 2518 gloriam.
974 2473 1024 2507 Ac
1038 2474 1149 2506 mitem
1162 2474 1338 2508 adventum
1351 2475 1386 2508 in
1395 2479 1513 2511 terras,

1285 2531 1328 2561 2*
