1654 2756
743 139 1003 174 —112—

214 239 274 272 2a.
302 238 367 270 Ora
392 242 529 278 patrem,
555 246 612 269 ora
639 242 758 276 natum,
911 237 970 271 2b.
998 237 1040 270 Et
1067 241 1213 277 praestet
1238 236 1331 269 nobis
1352 235 1515 273 ducatum,

299 286 343 318 Ut
362 285 515 318 informet
534 288 678 316 nostrum
697 288 816 316 statum
996 286 1065 326 Quo
1092 285 1290 318 declinemus
1314 287 1438 316 reatum

348 334 401 366 Ad
427 333 556 365 virtutis
581 333 729 364 meritum
1044 334 1089 366 Et
1114 334 1227 366 mortis
1254 333 1431 365 interitum.

213 413 272 444 3a.
301 412 349 443 Tu
376 420 409 442 es
436 419 510 442 vere
533 411 719 448 mediatrix,
909 410 972 445 3b.
998 411 1029 443 A
1047 420 1121 452 quo,
1144 411 1230 452 quod
1248 420 1282 442 es
1300 408 1515 442 condonatrix

302 460 360 490 Pia
387 459 629 490 reconciliatrix
998 460 1211 492 peccatorum
1238 463 1270 491 et
1296 458 1464 496 salvatrix,

349 508 437 538 luter
463 517 521 538 nos
547 511 579 538 et
607 506 718 543 filium,
1045 507 1156 540 Habes
1179 507 1395 548 privilegium.

213 585 273 616 4a.
304 585 365 616 Pro
391 584 495 615 salute
521 584 702 623 peccatoris
909 584 970 617 4b.
999 584 1054 624 Ut,
1081 585 1135 624 qui
1163 584 1250 616 cadit
1276 584 1307 615 in
1336 588 1383 615 tot
1410 582 1498 614 horis

300 633 345 664 Te
373 633 495 664 creavit
521 632 698 664 conditoris
996 633 1040 664 Et
1066 633 1244 672 corrumpit
1270 642 1327 665 vas
1354 630 1498 672 honoris,

349 681 510 712 Immensa
537 681 716 721 clementia,
1046 681 1110 712 Per
1135 685 1167 711 te
1196 681 1290 712 detur
1317 680 1421 712 venia.

213 760 272 791 521.
299 759 501 791 Accedamus
529 767 604 798 ergo
630 757 691 788 tuti
911 757 970 791 5b.
999 758 1114 790 Coram
1142 762 1245 789 matre
1271 756 1445 798 provoluti,

303 806 380 847 Nos,
408 807 461 846 qui
489 815 596 837 sumus
622 805 759 837 involuti
998 806 1153 838 Intendat
1178 810 1309 838 nostrae
1334 805 1442 845 saluti,

351 855 558 885 peccatorum
585 853 746 890 sordibus,
1045 854 1225 886 Exoremus
1249 853 1413 893 precibus.

212 932 273 962 Ga.
302 931 390 962 Nihil
418 935 511 971 negat
539 931 567 961 ei
596 935 700 971 natus,
908 930 966 963 tib.
996 934 1284 970 Quantumcunque
1311 930 1503 969 desperatus

300 979 373 1015 Sed,
399 980 483 1018 quod
503 979 596 1019 petit,
616 982 664 1009 est
682 983 815 1018 paratus
999 980 1093 1011 Hanc
1119 980 1146 1010 si
1173 979 1300 1019 quaerit
1317 978 1517 1017 lacrimatus,

348 1027 512 1058 Exliibere
539 1028 652 1065 citius3
1046 1028 1110 1059 Hic
1137 1028 1199 1059 erit
1224 1027 1398 1067 propitius.

215 1105 272 1136 Ta.
301 1105 337 1135 In
364 1105 546 1143 exemplum
574 1104 665 1135 nobis
693 1104 788 1136 datur
912 1105 969 1137 7b.
996 1106 1143 1145 Quicum
1164 1110 1302 1137 matrem
1323 1105 1518 1144 deprecatur

302 1152 512 1192 Theophilus,
540 1153 593 1191 qui
621 1152 777 1191 probatur
1000 1153 1043 1184 Et
1068 1158 1237 1193 peccatum
1263 1153 1466 1194 lamentatur,

353 1201 453 1232 Filius
480 1201 646 1238 miseriae3
1048 1200 1258 1232 Reformatur
1284 1201 1418 1241 gratiae.

215 1277 275 1309 Sa.
304 1277 329 1308 Ο
354 1277 470 1317 Maria,
498 1277 676 1313 caritatem,
912 1277 970 1310 8b.
999 1278 1049 1309 Da
1075 1283 1106 1308 et
1133 1278 1227 1309 simul
1254 1277 1436 1309 castitatem

304 1325 399 1356 Fidei
427 1325 643 1356 sinceritatem
1001 1326 1041 1357 Et
1070 1327 1222 1357 virtutum
1250 1326 1434 1366 largitatem

350 1373 391 1404 Et
419 1373 487 1412 spei
514 1374 727 1404 constantiam
1049 1374 1089 1405 Et
1118 1375 1202 1405 vitae
1229 1374 1432 1414 munditiam,

215 1452 274 1483 9a.
306 1451 348 1482 Ut
374 1451 405 1481 in
433 1451 481 1481 liis
509 1450 677 1481 exercitati
911 1450 971 1483 9b.
998 1453 1026 1482 A
1055 1452 1196 1490 peccatis
1225 1453 1276 1483 liic
1303 1451 1431 1491 purgati

301 1498 341 1529 Et
369 1507 427 1538 per
453 1503 526 1530 tuae
553 1498 697 1529 roborati
998 1499 1213 1531 Transeamus
1241 1501 1427 1540 praeparati

353 1547 486 1578 Pietatis
513 1548 649 1587 gratiam
1047 1549 1098 1580 Ad
1126 1552 1289 1580 aeternam
1318 1549 1468 1588 patriam,

192 1625 274 1656 loa.
304 1624 366 1656 Ubi
393 1629 467 1663 post
494 1624 552 1655 hoc
579 1624 726 1654 exsilium
886 1625 928 1656 10
939 1625 969 1657 b.
997 1626 1057 1664 Qui
1083 1626 1125 1657 ad
1151 1625 1363 1657 invisibilium

303 1672 405 1703 Tuum
433 1681 600 1703 cernamus
628 1672 726 1702 tilium
997 1673 1196 1706 Gaudiorum
1225 1674 1410 1705 caelestium

353 1721 449 1751 Facie
476 1720 517 1750 ad
546 1718 671 1759 faciem,
1046 1722 1239 1762 Aspiramus
1266 1723 1419 1762 requiem.

259 1786 346 1813 Grad.
376 1795 427 1812 ms.
457 1786 486 1813 S.
514 1787 635 1822 Georgii
663 1785 852 1814 coloniensis
882 1796 956 1815 saec.
988 1787 1030 1815 15.
1071 1789 1142 1816 Cod.
1166 1789 1194 1816 S.
1216 1789 1338 1824 Georgii
1361 1790 1515 1817 Colonien.

180 1834 201 1851 s.
231 1834 259 1851 u.
291 1824 357 1851 add.
386 1833 461 1851 saec.
492 1823 534 1851 16.
562 1840 597 1843 —
626 1825 679 1856 31),
705 1822 718 1850 l
747 1829 799 1852 est.
830 1840 865 1843 —
893 1825 947 1860 41),
970 1826 987 1853 3
1015 1827 1109 1854 datur.
1138 1843 1174 1846 —
1204 1827 1257 1859 71„
1282 1827 1294 1854 1
1326 1832 1449 1864 patrem.
1481 1844 1516 1848 —

179 1863 324 1890 Melodie:
349 1864 543 1890 Maiestati
566 1868 839 1892 sacrosanctae.

634 1948 687 1979 113.
721 1949 762 1979 De
783 1949 882 1979 Beata
904 1948 1005 1979 Maria
1027 1949 1061 1979 V.

191 2020 253 2053 la.
281 2019 387 2058 Salve,
415 2019 505 2058 virgo
533 2024 729 2062 consecrata,
885 2020 943 2053 1b.
969 2021 1062 2053 Dono
1086 2026 1199 2054 sancta
1224 2024 1368 2063 speciali,

278 2068 468 2108 Priusquam
495 2067 539 2098 sis
565 2068 684 2099 mundo
711 2069 796 2107 data,
976 2070 1067 2109 Quod
1094 2080 1153 2102 nec
1179 2072 1273 2112 lapsu
1300 2072 1419 2104 veniali

327 2117 418 2148 lutra
444 2116 556 2148 matris
583 2119 726 2156 uterum3
1025 2119 1180 2151 Peccares
1205 2121 1238 2152 in
1264 2126 1443 2161 posterum.

189 2190 248 2221 2a.
279 2188 393 2227 Salve,
420 2188 523 2220 Deum
552 2192 663 2220 ventre
689 2197 814 2228 gerens,
883 2189 945 2223 2b.
969 2191 995 2223 O
1021 2201 1115 2232 quam
1142 2193 1287 2233 gaudens
1314 2195 1472 2235 cecinisti,

276 2237 367 2276 Quod
378 2237 549 2268 humanum
562 2245 815 2277 geuusmaerens
972 2239 1056 2271 Dum
1082 2241 1155 2273 alvo
1182 2242 1345 2275 Christum
1371 2245 1515 2286 sensisti,

326 2286 389 2318 Per
414 2289 446 2316 te
472 2286 519 2317 sic
546 2285 718 2328 laetificet3
1021 2289 1189 2322 Canticum
1216 2291 1439 2333 Maynificat!

188 2358 250 2390 32.
279 2357 384 2397 Salve,
412 2358 483 2398 lege
510 2358 621 2390 volens
647 2358 726 2400 regi,
885 2359 946 2393 3b.
974 2360 1056 2392 Nam
1081 2362 1242 2403 impurum
1268 2365 1316 2397 nil
1341 2366 1484 2406 sensisti,

276 2405 348 2437 Non
375 2407 509 2440 astricta
534 2411 641 2439 tamen
667 2407 729 2448 legi
973 2408 1042 2440 Nec
1070 2410 1109 2442 de
1136 2413 1206 2445 viro
1233 2413 1422 2454 concepisti,

326 2455 517 2496 Purgandae
543 2465 741 2497 puerperae3
1022 2458 1085 2491 Sed
1114 2460 1154 2492 de
1177 2462 1239 2494 Dei
1266 2471 1408 2495 munere.
