1654 2756
699 128 937 164 -24-

185 229 206 259 4
220 235 250 259 a.
278 227 315 259 In
342 225 443 268 figura
470 226 706 268 praesignatur,
861 226 921 260 4b.
947 226 1050 259 Israel
1076 226 1138 258 hoc
1163 225 1356 266 admiratur,

272 275 379 315 Moysi
406 284 475 307 cum
502 273 721 307 inflammatur
949 274 1028 306 Cum
1054 278 1266 315 praeceptum
1284 274 1346 306 Dei
1370 275 1468 308 datur

323 323 438 355 Vultus
463 323 525 355 Dei
550 323 682 355 lumine.
998 322 1089 356 Sinai
1115 322 1293 355 cacumine.

184 412 245 442 5a.
274 409 422 442 Christus
455 410 540 442 nube
566 409 788 450 obumbratur,
863 410 922 444 5b.
948 410 1021 443 Duo
1048 413 1138 443 vates
1165 419 1236 442 cum
1262 409 1386 443 Messia

273 457 414 490 Verbum
441 467 531 490 suum
559 462 732 491 attestatur
951 459 1082 500 Moyses
1110 464 1142 491 et
1168 468 1239 492 cum
1266 458 1342 491 Elia

320 506 456 539 Placens
481 515 605 548 voxque
631 507 748 548 patria.
998 508 1131 541 Christo
1158 507 1237 540 dant
1263 506 1436 547 colloquia.

184 595 243 627 6a.
272 594 358 626 Petit
386 595 502 627 Petrus
526 595 712 634 instaurari,
861 594 922 628 6b.
949 595 1039 635 Quod
1050 595 1083 626 in
1093 598 1203 628 monte
1214 593 1485 635 Christusgessit‚

271 642 402 675 Christo
427 643 619 684 vatibusque
646 643 718 675 dari
948 643 1100 676 Revelari
1126 653 1189 676 non
1216 642 1380 684 expressit

317 691 396 723 Tria
421 691 640 726 tabernacula.
998 691 1159 724 Gentibus
1184 700 1245 733 per
1267 692 1408 724 saecula.

183 778 243 811 7a.
270 779 407 811 Demnm
433 779 504 818 ipso
532 783 721 820 resurgente
861 778 921 811 7b.
949 778 1074 811 Tristes
1101 779 1197 811 valde
1223 779 1424 818 recedentes,

272 828 531 859 Praedicandum
557 829 643 859 omni
669 832 765 868 geute
948 827 1025 859 Post
1051 827 1093 859 ad
1119 828 1224 868 ipsum
1249 828 1426 866 venientes,

316 875 435 908 Docuit
460 875 646 916 discipulos.
997 876 1168 908 Portantes
1194 876 1387 918 manipulos,

181 962 242 997 ssa.
269 961 473 995 Consortavit
499 973 533 994 se
558 963 694 1003 visuros,
859 962 918 996 8b.
945 962 990 996 Ut
1016 963 1063 994 sic
1088 963 1190 1003 magis
1218 961 1393 995 confortati

266 1011 426 1043 Morituro
453 1020 678 1052 compassuros
946 1010 989 1042 Et
1012 1011 1046 1044 iu
1072 1009 1138 1042 fide
1163 1011 1296 1043 solidati

315 1059 433 1092 Divina
459 1061 656 1099 praesentia,
995 1060 1070 1092 Non
1095 1060 1248 1091 timerent
1273 1061 1396 1100 gravia.

181 1147 241 1180 9a.
269 1147 376 1179 Testis
399 1146 694 1179 transformationis
858 1145 920 1179 9b.
946 1145 1052 1178 Bonos
1079 1146 1181 1177 malos
1206 1146 1392 1183 iudicando,

271 1195 342 1226 Non
369 1195 512 1235 gustabit
537 1196 601 1226 vim
627 1196 749 1235 agonis.
945 1194 1094 1226 Praemia
1120 1194 1234 1233 cuique
1259 1194 1378 1236 dando,

316 1243 389 1275 Nisi
416 1253 486 1275 cum
514 1244 676 1276 revenerit
994 1243 1124 1275 Dictum
1151 1247 1228 1273 tunc
1253 1243 1401 1283 recipiet.

156 1330 238 1363 10a.
267 1330 335 1362 Nec
353 1340 424 1362 cum
445 1332 510 1363 suis
528 1336 629 1362 sumet
645 1335 782 1371 gustum,
836 1330 918 1364 lOb.
946 1331 985 1363 In
1010 1340 1108 1373 regno
1134 1331 1238 1372 patris
1264 1331 1414 1364 caelestis

265 1378 376 1410 Donec
399 1388 515 1411 novum
534 1379 625 1411 bibat
643 1383 782 1411 mustum
943 1378 1043 1411 Nulla
1068 1389 1154 1412 mors
1180 1388 1241 1412 nec
1262 1380 1330 1411 ulla
1348 1381 1461 1421 pestis,

314 1427 363 1459 De
389 1427 464 1459 vitis
491 1428 669 1468 genimine3
993 1428 1062 1459 Nec
1089 1429 1160 1469 quis
1188 1433 1276 1460 caret
1301 1429 1433 1463 lumine.

156 1514 195 1546 11
210 1523 239 1548 a.
266 1515 356 1546 Bone
379 1520 510 1556 pastor,
538 1515 645 1547 lumen
672 1523 781 1547 verum
837 1515 919 1549 llb.
946 1517 976 1547 A
1002 1520 1129 1547 tortura
1154 1525 1213 1547 nos
1240 1514 1392 1555 defende,

267 1563 377 1595 Tenax
404 1564 505 1605 vigor,
534 1564 621 1597 Deus
648 1572 765 1603 rerum,
946 1563 1077 1596 Faciem
1103 1569 1191 1596 tuam
1217 1564 1363 1606 ostende,

315 1611 363 1643 Tu
389 1621 446 1643 nos
470 1612 576 1644 solvas
602 1622 619 1644 a
638 1613 781 1653 peccatis
993 1612 1034 1645 Ut
1046 1618 1120 1655 post
1131 1622 1258 1644 cursum
1269 1613 1363 1645 huius
1374 1614 1462 1645 vitae

315 1659 357 1691 Et
383 1661 414 1691 in
442 1668 540 1700 regno
567 1660 724 1692 claritatis
991 1661 1178 1692 mereamur
1202 1670 1260 1693 nos
1290 1661 1404 1694 Venite

362 1708 431 1740 Fac
449 1717 507 1740 nos
525 1713 631 1740 tecum
651 1708 779 1747 vivere3
1040 1710 1071 1740 A
1096 1713 1127 1740 te
1154 1714 1230 1740 tuuc
1255 1710 1437 1751 percipere.

221 1793 417 1827 Antiphonar.
446 1803 498 1821 ms.
520 1795 696 1822 Trevireme
726 1803 802 1822 saec.
830 1792 874 1822 15.
915 1794 985 1824 Cod.
1009 1795 1106 1830 Capit.
1128 1796 1281 1824 Treviren.
1309 1806 1330 1823 s.
1361 1806 1390 1824 n.
1413 1797 1479 1824 add.

144 1841 221 1860 saec.
250 1832 295 1860 15.
318 1834 350 1859 A.
373 1848 409 1851 —
432 1833 628 1869 Antiphonar.
655 1843 709 1860 ms.
730 1834 908 1861 Trevirense
929 1842 1005 1861 saec.
1030 1832 1073 1860 15.
1115 1834 1186 1862 Cod.
1209 1834 1306 1870 Capit.
1327 1835 1483 1864 Treviren.

145 1869 209 1899 172.
231 1872 297 1899 add.
319 1880 395 1899 saec.
421 1871 465 1898 15.
485 1873 519 1899 B.
541 1886 578 1890 —
601 1872 651 1905 lb,
673 1871 691 1900 3
713 1876 799 1899 ornat
818 1872 852 1899 B.
876 1887 909 1891 —
932 1872 1074 1900 Melodie:
1098 1873 1228 1901 Lauda
1250 1875 1347 1902 Sion.

550 1985 576 2016 8.
609 1985 651 2016 De
674 1984 700 2015 V
723 1985 917 2017 Vulneribus
940 1985 1071 2018 Domini.

153 2078 169 2110 1
184 2087 213 2111 a.
241 2077 494 2118 Redemptorem
519 2084 711 2108 veneremur
851 2077 910 2110 1b.
938 2076 1052 2109 Nostri
1078 2078 1187 2110 cordis
1213 2079 1335 2111 saniem

287 2127 320 2157 in
345 2134 439 2157 cruce
465 2125 673 2166 pendentem,
983 2125 1118 2159 mundat
1144 2127 1199 2167 qui
1225 2127 1413 2168 foetentem,

237 2175 287 2207 De
314 2175 380 2206 suis
405 2173 594 2206 vulneribus
936 2173 1000 2206 Suo
1026 2183 1100 2206 rore
1127 2175 1226 2208 satiat

286 2223 473 2264 sangninem
500 2221 701 2259 fundentem,
985 2227 1125 2255 mentem
1151 2224 1325 2257 sitientem.

151 2313 213 2345 22.
241 2311 370 2351 Manus,
398 2311 510 2353 pedes,
537 2311 622 2344 latus
648 2311 703 2352 qui
820 2340 822 2342 ,
853 2312 912 2346 2b.
940 2312 1089 2351 Demum,
1117 2312 1204 2354 quod
1229 2322 1310 2347 crux
1327 2315 1484 2356 sanguine

285 2363 374 2392 tuum
401 2361 598 2400 speculatur,
985 2367 1041 2394 tuo
1067 2360 1115 2393 sic
1141 2361 1277 2402 rigatur,

238 2409 282 2442 Et
308 2413 405 2450 caput
431 2409 589 2441 arundine
937 2409 1024 2451 Tibi,
1053 2409 1194 2452 Christe,
1221 2411 1309 2452 pium
1338 2417 1397 2446 est.

288 2459 429 2498 qualiter
454 2462 637 2499 quassatur,
985 2463 1022 2492 ut
1047 2459 1274 2500 compatiatur.
