1654 2756
1344 50 1361 55 ῆ-
1368 49 1489 78 εἶεν-εῖν.

703 133 746 138 -
801 114 870 151 172
940 134 982 140 -

167 213 227 244 2³.
262 212 298 244 In
326 213 507 252 apostolum
535 212 655 244 electus
865 213 929 247 2b.
965 212 1070 254 Saepe
1096 213 1205 246 cordis
1230 221 1269 245 ex
1295 210 1413 244 affectu

266 261 358 292 Pauli
386 270 493 292 comes
519 265 567 291 est
594 260 726 292 effectus
961 261 1082 294 Caesus
1105 260 1216 303 flagris
1242 271 1260 293 a
1287 262 1463 301 conspectu

311 312 418 348 Atque
445 318 576 341 consors
603 308 756 349 praemii;
1009 310 1121 343 Rediit
1149 309 1287 342 concilii.

174 398 236 429 3a.
268 396 413 428 Fervens
439 401 527 428 sator
554 396 643 428 verbi
669 395 732 428 Dei
867 397 933 431 3b.
968 397 1076 430 Huius
1102 401 1191 429 tactu
1217 396 1359 429 restituti

263 444 473 484 Evangelium
501 445 658 477 Matthaei
962 445 1060 477 Multi
1086 446 1243 486 pristinae
1269 445 1366 476 saluti

315 493 457 532 Sumpsit
484 492 545 525 sibi
574 494 706 534 socium,
1010 493 1176 534 Leguntur
1202 493 1433 534 languentium.

169 583 231 613 4a.
268 580 411 612 Tandem
440 590 520 620 vago
547 584 650 613 tostus
677 581 749 620 igne
866 581 928 613 4b.
967 580 1096 613 Christo
1122 580 1200 612 sede
1227 588 1437 613 consessurus

267 628 388 660 Meruit
416 629 565 668 coniungi
593 629 689 670 digne
960 629 1011 661 Ae
1038 629 1193 661 iudicium
1221 629 1356 661 daturus

315 677 486 708 Remorum
513 677 630 716 coetui,
1010 677 1189 709 Duodeuae
1215 676 1326 709 tribui.

169 767 230 796 5a.
268 765 345 804 Igne
373 764 472 795 divini
500 767 618 796 amoris
867 764 930 797 5b.
967 763 1017 794 Ne
1043 774 1100 796 nos
1126 764 1269 796 tenebris
1293 765 1438 797 externis

265 812 317 843 Ab
342 813 427 843 intus
454 822 511 843 ure
539 816 567 842 et
598 812 675 843 foris
964 812 1026 843 Aut
1062 811 1199 844 flammis
1224 812 1335 844 tradat
1361 813 1504 844 aeternis

314 862 419 892 Renes
447 865 477 891 et
505 859 707 901 praecordia,
1013 859 1137 892 Finalis
1164 861 1335 892 sententia.

247 946 334 973 Grad.
358 955 409 972 ms.
434 945 599 973 Praedicat.
622 946 823 973 Insulensium
844 947 992 977 (Arosiae)
1013 955 1088 973 saec.
1114 943 1206 972 15116.
1229 945 1300 973 cod.
1324 947 1467 982 Upsalen.
1484 947 1507 974 C

175 983 240 1012 513.
262 999 292 1004 —-
315 985 458 1012 Melmlie:
501 985 712 1012 Hodiernae
741 985 804 1012 lux
824 984 910 1012 diei.
931 1000 969 1004 —-
991 985 1050 1011 Cfr.
1075 986 1242 1019 Klemming
1264 985 1324 1015 ΙΙΙ,
1354 995 1381 1021 p.
1403 984 1439 1012 41
1463 994 1507 1021 sq.

559 1078 619 1108 183.
657 1078 696 1109 De
722 1081 831 1109 sancto
853 1078 1103 1109 Bartholomaeo.

175 1161 235 1192 la.
263 1159 394 1190 Festum
420 1159 500 1190 lucis
528 1159 703 1190 hodiernae
868 1159 929 1192 lb.
966 1160 1002 1191 In
1031 1160 1157 1192 laudem
1186 1160 1436 1192 Bartholomaei.

267 1209 374 1247 Agunt
402 1206 580 1238 ierarchiae
607 1212 716 1238 ternae
961 1208 1060 1246 Quam
1088 1209 1173 1239 idem
1201 1216 1310 1239 amore
1338 1208 1396 1240 Dei

315 1254 455 1294 Speciali
479 1254 596 1295 gaudio
1012 1255 1158 1287 Sacravit
1185 1256 1357 1295 martyrio.

172 1345 230 1374 23.
265 1343 363 1381 Quam
393 1343 432 1372 sit
461 1341 649 1373 excellentis
676 1341 771 1378 vitae,
868 1342 930 1375 2b.
966 1342 1027 1374 Die
1054 1341 1178 1374 vicibus
1205 1343 1348 1375 centenis

265 1390 399 1421 Fussum
428 1396 485 1431 est,
515 1389 589 1420 licet
616 1390 728 1430 invite,
964 1390 1006 1422 Et
1033 1400 1156 1430 pernox
1184 1392 1216 1422 iu
1244 1391 1478 1432 quinquagenis

314 1438 498 1469 Consultum
527 1437 739 1469 daemonium.
1013 1439 1112 1470 hedit
1140 1439 1346 1471 sacrificium.

174 1528 192 1557 :3
205 1534 233 1557 a.
271 1525 368 1556 Fides
397 1525 502 1556 verbis
530 1525 555 1555 si
582 1524 735 1557 falsorum
868 1526 928 1558 3b.
969 1528 1108 1564 Quarum
1134 1527 1231 1559 turba
1258 1528 1332 1559 dum
1360 1528 1506 1570 accessit,

268 1573 338 1605 Non
364 1573 415 1610 sit,
444 1574 580 1613 probent
608 1573 792 1614 angelorum
963 1574 1108 1606 Daemon
1136 1575 1206 1606 loco
1234 1576 1299 1607 faui
1327 1577 1424 1608 cessit

320 1623 466 1660 Impensn
495 1622 638 1659 servitia,
1011 1622 1124 1655 Gentis
1151 1623 1182 1654 in
1211 1625 1405 1663 praesentia.

171 1712 232 1742 4a.
266 1709 325 1748 Qui
354 1709 427 1739 ‹lum
455 1713 542 1740 stare
569 1708 641 1740 loco
667 1708 781 1740 nescit.
869 1709 933 1741 4b.
971 1709 1115 1741 Tandem
1143 1711 1249 1749 palam
1277 1717 1457 1750 accusatus,

266 1758 350 1788 Vera
378 1756 458 1787 fides
487 1756 608 1789 Christi
637 1757 752 1788 crescit
965 1757 1216 1791 Multiformium
1247 1765 1380 1792 vexatus

315 1805 491 1837 Multorum
520 1805 742 1844 praecordiis3
1016 1806 1195 1839 Poenarum
1223 1808 1405 1848 suppliciis.

172 1896 232 1926 5³.
270 1893 425 1933 Spiritum
451 1892 612 1924 commisit
639 1892 748 1931 caelis,
872 1892 936 1926 51].
970 1893 1507 1939 Quinnsiungutsummisthronis,

272 1941 334 1975 Ubi
364 1940 494 1973 Domini
522 1940 627 1972 fidelis
969 1941 1031 1973 Ubi
1058 1943 1161 1974 trinus
1187 1944 1219 1975 in
1248 1946 1395 1984 personis

317 1991 472 2024 Claritate
503 1989 654 2030 fungitur.
1014 1990 1104 2022 Idem
1131 1991 1218 2024 Deus
1246 1993 1400 2028 cernitur.

250 2076 340 2104 Grad.
368 2085 420 2102 ms.
448 2075 612 2103 Praedicat.
654 2074 856 2102 lnsulensium
877 2076 1023 2106 (Arosiae)
1049 2085 1125 2104 saec.
1154 2075 1245 2104 15‘16.
1269 2078 1341 2105 Cod.
1365 2079 1509 2115 Upsalen.

170 2116 194 2190 ξ
219 2113 347 2189 {ssssiq-
369 2112 433 2145 3³.
465 2113 483 2141 2
513 2115 580 2141 siut*
606 2128 641 2132 —
672 2113 728 2140 Mit
758 2113 937 2141 besonderei·
962 2114 1102 2142 Melodie.
1125 2131 1163 2136 —
1185 2117 1243 2144 Cfr.
1272 2116 1444 2154 Kleinming
1465 2119 1511 2146 111

567 2247 628 2278 184.
660 2247 703 2278 De
724 2248 833 2277 saneto
856 2245 1108 2278 Bai-tholomaeo.

171 2331 230 2363 la.
267 2329 433 2362 Glorietur
459 2333 545 2361 totus
574 2329 723 2365 mundus,
872 2327 932 2361 lb.
969 2328 1084 2360 Honor
1109 2332 1200 2361 tanto
1226 2330 1267 2362 sit
1296 2330 1371 2371 diei,

273 2379 397 2410 Chorus
426 2383 518 2410 canat
543 2376 768 2419 laetabundus,
964 2376 1032 2415 Quo
1059 2377 1162 2409 sancti
1189 2378 1431 2413 Bartholomaei

323 2428 414 2458 Inter
440 2427 519 2458 haec
545 2425 733 2465 sollemnia3
1013 2424 1077 2457 Dat
1100 2426 1232 2459 odorem
1260 2427 1374 2469 gloria.
