1654 2756
230 283 291 314 5a.

228 457 291 490 Ga.

230 633 290 665 7a.

229 806 290 839 Sa.

228 982 288 1014 ea.

197 1156 240 1188 10
253 1165 281 1189 a.

194 1331 278 1364 lla.

193 1504 277 1538 12.a

735 180 1001 216 —191—

322 279 426 312 Panes
452 280 539 313 nivei
566 281 718 314 candoris

316 328 367 361 De
393 330 544 370 supernis
571 329 656 361 vidit
681 330 748 362 oris

366 378 448 410 Tres
477 379 594 411 allatos
623 379 768 421 caelitus,

321 456 468 497 Belluae,
498 457 574 489 dum
602 456 642 488 de
668 455 840 497 profundis

319 504 524 538 Gradiuntur
550 504 648 536 maris
673 505 783 547 undis,

368 554 423 586 Illi
451 553 529 586 dant
557 553 723 594 obsequia.

320 631 501 671 Lympham
533 630 596 663 sibi
622 631 710 663 Deus
738 632 840 672 dedit,

318 680 468 712 Eremita
493 689 556 720 quo
582 680 717 722 resedit,

366 728 417 760 Ex
445 728 533 760 humi
561 727 690 762 duritia.

316 805 416 845 Quem
445 805 487 837 ab
514 805 631 838 arbore
654 807 825 839 cadentem

318 854 435 886 Caelos
460 854 541 887 vidit
568 855 810 897 ascendentem,

367 902 447 934 Eius
473 906 587 935 narrat
613 905 768 943 praemia.

320 979 403 1012 Sunt
429 981 587 1013 miracula
613 982 779 1024 perplura,

320 1028 508 1062 Obsistente
535 1038 617 1070 quae
643 1035 761 1063 natura

368 1077 434 1109 Per
460 1078 546 1110 hunc
570 1077 653 1110 fiunt
677 1079 803 1112 inclita.

318 1155 458 1196 Integris
485 1156 519 1188 in
545 1165 626 1188 urna
654 1157 769 1196 pannis

318 1203 572 1245 Quadringentis
607 1204 718 1237 decem
746 1207 839 1238 annis

366 1251 411 1284 Et
437 1256 509 1285 octo
537 1253 732 1295 dormierat;

316 1330 433 1370 Caput,
462 1334 562 1371 tuum,
591 1340 649 1364 rex
673 1332 836 1374 Oswalde‚

315 1378 375 1410 Vir
402 1379 540 1412 dilectus
567 1379 636 1412 Deo
662 1381 758 1413 valde

365 1427 437 1460 Hac
463 1428 559 1461 theca
582 1434 781 1470 servaverat,

319 1505 485 1545 Fragrans
512 1506 594 1539 odor
620 1516 835 1547 supernorum

314 1553 382 1585 Hos
409 1553 557 1594 perfudit
584 1554 811 1599 balsamorum,

362 1603 422 1642 Qui
450 1606 640 1643 praesentes
666 1605 816 1645 aderant,

939 280 999 314 5b.

936 457 998 490 6b.

937 632 997 666 7b.

937 807 1000 840 Sb.

935 981 997 1014 9b.

904 1154 948 1187 10
960 1154 990 1187 b.

904 1328 991 1362 11b.

1027 281 1112 322 Quos
1139 289 1198 321 per
1217 282 1365 322 angelum
1386 281 1425 314 de
1445 281 1542 313 caelis

1025 329 1210 362 Ministrari
1237 331 1287 362 vir
1313 330 1420 363 fidelis

1069 378 1255 418 Adplaudit
1280 378 1478 412 medullitus.

1028 456 1144 499 Futuyi
1172 457 1257 489 diem
1284 459 1391 489 sereni

1024 505 1187 538 Praedicit
1214 515 1362 538 sermone
1388 506 1454 538 leni

1074 555 1115 587 Vi
1141 555 1321 594 praeclusis
1347 554 1453 587 noxia.

1026 632 1147 673 Regem
1174 632 1238 663 cito
1265 633 1456 664 moriturum

1025 680 1130 721 Seque
1155 680 1337 720 praesulem
1366 679 1513 712 futurum

1073 729 1171 762 Certa
1201 728 1257 760 dat
1283 729 1414 761 indicia.

1027 806 1149 840 Christi
1175 807 1321 847 mysticis
1349 806 1490 838 refectus

1025 855 1244 888 Sacramentis
1272 858 1302 887 et
1330 858 1496 896 protectus

1075 903 1206 936 Transit
1233 903 1276 935 ad
1304 903 1469 936 caelestia.

1027 981 1117 1013 Haec
1131 981 1173 1013 ad
1183 981 1313 1013 laudem
1326 981 1387 1013 Dei
1398 987 1543 1020 currunt,

1023 1030 1148 1062 Abdita
1174 1038 1233 1062 nec
1260 1029 1455 1061 delitescunt

1071 1078 1183 1111 Sancti
1210 1078 1273 1109 viri
1298 1079 1424 1110 merita.

1025 1154 1094 1186 Nec
1119 1155 1276 1197 putredo,
1305 1165 1364 1187 nec
1392 1160 1546 1194 vetustas,

1025 1203 1126 1235 Immo
1152 1203 1308 1244 splendor
1331 1209 1363 1235 et
1381 1207 1546 1244 venustas,

1074 1252 1171 1284 Illum
1198 1252 1471 1286 circumdederat.

1031 1330 1073 1362 Et
1102 1329 1231 1370 Bedae,
1259 1330 1363 1361 sancti
1391 1329 1547 1369 doctoris,

1026 1379 1087 1419 Qui
1114 1378 1263 1410 caelestis
1291 1383 1339 1409 est
1367 1378 1488 1414 odoris,

1070 1428 1151 1459 Ossa
1178 1427 1421 1459 recondiderat.

901 1505 942 1538 12
954 1505 986 1538 b.
1023 1506 1084 1547 Qui
1110 1506 1143 1537 in
1171 1513 1267 1536 carne
1294 1504 1356 1536 Dei
1385 1504 1490 1537 virum

1023 1555 1272 1595 Incorruptum,
1303 1554 1393 1586 dictu
1418 1553 1546 1595 mirum,

1070 1603 1211 1636 Cernere
1241 1605 1436 1634 meruerant.

572 1683 627 1715 13.
670 1683 760 1716 Odor
786 1693 863 1725 ergo
891 1693 948 1715 nos
977 1683 1125 1715 caelestis

669 1732 783 1765 Comat
809 1732 955 1764 moribus
983 1731 1137 1768 honestis,

664 1780 709 1814 Ut
736 1780 885 1814 fruamur
912 1781 993 1813 caeli
1021 1779 1113 1812 festis

715 1831 753 1863 In
780 1834 969 1863 sanctorum
995 1829 1110 1871 gloria.

267 1895 487 1932 Apographum
509 1906 562 1925 ms.
577 1896 632 1924 Th.
648 1898 769 1926 Hearne
785 1908 863 1926 saec.
882 1896 926 1925 18.
943 1907 978 1926 ex
994 1897 1103 1925 Codice
1121 1895 1280 1931 „Monachi
1300 1896 1545 1924 Duuelmensis.“

190 1934 262 1963 Cod.
279 1933 430 1962 Oxonien.
446 1936 541 1963 Rawl.
556 1936 581 1964 Β
603 1933 669 1964 247.
688 1954 721 1957 -
739 1936 792 1971 4a,
815 1936 834 1966 2
848 1937 940 1965 Prece
957 1940 1070 1965 sancto.
1088 1951 1125 1955 —
1149 1934 1215 1967 lla,
1242 1935 1252 1962 l
1273 1936 1371 1969 Caput
1388 1939 1496 1963 tamen.
1517 1949 1551 1953 —

189 1974 248 2002 Die
271 1973 410 2010 Sequenz
433 1973 525 2003 findet
546 1975 610 2003 sich
632 1976 709 2004 auch
729 1977 876 2013 gedruckt
897 1977 946 2004 bei
971 1977 1045 2005 Rob.
1069 1976 1211 2011 Hegge,
1235 1974 1298 2001 The
1317 1974 1439 2011 Legend
1462 1976 1494 2002 of
1506 1974 1549 2001 St·

190 2014 351 2047 Cuthbert;
373 2014 501 2052 Darling

503 2017 563 2047 ton,
588 2013 677 2048 17773
700 2016 834 2044 daselbst
848 2016 986 2053 folgende
1002 2016 1167 2043 Varianten
1183 2023 1188 2038 :
1205 2012 1258 2047 312,
1274 2011 1292 2040 2
1310 2015 1428 2041 missus.
1444 2028 1481 2033 —
1496 2011 1550 2045 31),

189 2051 208 2081 3
221 2054 258 2081 In
295 2061 353 2080 euu
371 2053 520 2081 edocetur.
537 2066 574 2073 —·
590 2052 643 2087 53,
660 2053 678 2082 2
693 2055 776 2083 dedit
790 2058 860 2084 oris.
880 2070 912 2074 —
930 2055 982 2090 521,
999 2054 1017 2083 3
1029 2055 1138 2082 Tribus
1155 2053 1333 2080 allatoribus
1351 2053 1500 2080 caelestis.
1514 2068 1550 2071 —

309 2092 347 2119 Vi
371 2093 578 2128 praecludens·
601 2108 639 2112 —-
659 2091 715 2127 Sa,
737 2092 755 2123 3
776 2098 908 2123 narrant.
931 2109 968 2114 —
989 2094 1044 2127 9b,
1067 2092 1084 2120 2
1106 2092 1222 2119 Ablati.
1244 2106 1281 2110 —
1307 2091 1341 2120 10
1351 2101 1376 2124 a,
1399 2090 1417 2119 3
1439 2092 1549 2119 dormi-

190 2135 286 2160 erunt.
303 2146 341 2150 —
360 2129 431 2165 lOb,
456 2130 475 2160 3
495 2132 758 2162 circumdiderunt.
781 2150 810 2153 —
831 2133 899 2168 lla,
922 2133 940 2162 2
961 2135 1078 2162 dilecte.
1094 2146 1133 2151 -ν
1150 2129 1216 2164 123,
1243 2130 1254 2158 1
1280 2139 1323 2166 sq.
1349 2132 1550 2159 balsamorum

190 2171 251 2200 und
273 2179 474 2208 supernorum
495 2172 677 2210 umgestellt.
699 2187 735 2192 —
761 2172 828 2207 l2a,
852 2172 870 2201 2
892 2174 1052 2210 perfundit.
1076 2186 1112 2190 -
1129 2171 1220 2197 Diese
1242 2172 1381 2206 §equenz
1397 2170 1552 2198 verdanke

192 2210 241 2239 ich
263 2211 340 2240 Rev.
363 2211 538 2239 Bannister.

190 2091 246 2126 6b,

225 2370 242 2403 1
255 2379 288 2404 a.
316 2369 404 2401 Ante
416 2370 572 2404 mundum
581 2370 736 2403 mundum
746 2371 852 2414 scivit,

316 2417 426 2458 Hylae
460 2417 575 2453 formis
603 2419 679 2452 dum
699 2420 842 2459 vestivit,

316 2465 400 2506 Quia
415 2477 482 2500 non
499 2472 562 2512 est,
586 2468 675 2510 quod
691 2469 843 2509 nescivit,

587 2306 661 2339 206.
695 2308 739 2339 De
760 2310 873 2340 sancto
895 2306 998 2338 David
1020 2306 1155 2337 Abbate.

941 2369 999 2402 lb.
1029 2369 1114 2401 Mire
1141 2367 1297 2399 mundum
1322 2367 1491 2411 stabilivit,

371 2515 434 2555 Qui
461 2518 586 2550 creavit
611 2517 729 2552 omnia.

1026 2417 1112 2450 Mire
1137 2419 1267 2448 sanctos
1293 2417 1471 2458 insignivit,

1031 2467 1118 2506 Quos
1136 2465 1308 2505 praenovit
1325 2470 1358 2498 et
1371 2468 1554 2508 praescivit

1080 2516 1222 2554 Propter
1247 2515 1330 2548 mira
1358 2516 1460 2551 varia.
