1654 2756
149 845 210 880 la.
237 845 396 878 Militaris
422 856 441 879 o
467 851 603 880 caterva

147 1039 208 1072 2a.

144 1235 205 1268 3a.

144 1430 205 1461 4a.

99 1708 108 1717 ³
143 1721 202 1752 5a.

141 2112 201 2145 6a.

506 745 645 815 Ἀεὶ-379
668 749 776 779 sancto
798 746 935 778 Achatio
959 748 991 779 et
1012 747 1118 779 sociis.

238 893 463 936 Salutarisque
489 895 650 937 Minerva,

287 942 413 975 Donum
442 945 543 976 sentis
569 945 710 987 gratiae;

236 1040 336 1073 Cuius
362 1044 493 1072 sanctus
519 1041 680 1074 Achatius
851 1040 912 1076 2b.

236 1088 367 1130 Martyr
392 1086 501 1132 [fortis
528 1087 635 1131 atque]
662 1089 735 1130 pius

284 1136 433 1169 Militans
459 1138 622 1179 apparuit.

232 1233 366 1273 Hosque
392 1238 502 1265 coetus
528 1233 689 1266 sociorum
848 1233 908 1269 3b‚

233 1282 394 1322 Imitatur,
422 1282 583 1315 idolorum

280 1331 437 1364 Errorem
465 1340 624 1371 spernens
652 1331 776 1372 vilium,

233 1427 423 1460 Traduntur
445 1427 591 1462 crucifixi
847 1429 868 1460 4
878 1427 909 1462 b.

233 1475 401 1518 Supplicio

232 1524 453 1566 Crucifigendi
479 1526 550 1558 sine
576 1527 666 1565 vitio,

281 1574 342 1615 Qui
370 1578 556 1607 constantes

283 1623 540 1663 Triumpharunt
559 1627 594 1655 ut
607 1623 755 1666 gigantes
767 1633 774 1666 3

231 1719 257 1752 Ο
283 1730 335 1754 res
361 1720 461 1753 mira!
847 1721 905 1754 5b.

281 1769 414 1803 Cunctis
441 1770 559 1804 horror
587 1772 715 1813 crescit,

329 1818 429 1851 Dolet
455 1819 544 1853 orbis
572 1824 669 1861 totus,

229 1866 275 1899 Et
300 1868 332 1900 in
360 1868 409 1900 ira

279 1916 359 1949 Dies
385 1917 595 1958 tenebrescit,

331 1965 374 1998 Et
400 1964 439 1999 fit
465 1970 573 2000 terrae
599 1971 716 2008 motus,

233 2013 277 2047 Ut
305 2014 428 2048 Christi
454 2016 487 2048 in
514 2016 677 2056 passione.

233 2111 356 2146 Horum
385 2123 482 2146 cruor
509 2123 621 2147 roseus
849 2113 909 2147 ob.

229 2162 294 2194 Pro
321 2162 451 2196 nomine
475 2161 630 2204 profusus

277 2211 358 2251 Τυο,
386 2212 497 2255 Deus3
523 2212 683 2254 martyrio

276 2260 463 2295 Discedunt
488 2261 642 2303 suspirio.

853 848 913 882 lb.

937 848 999 881 Tui
1026 849 1110 881 roris
1138 856 1233 881 cruor
1255 847 1366 884 micat,

938 897 1023 929 Dum
1050 897 1184 929 tortoris
1211 906 1289 937 gens
1318 900 1349 928 te
1369 897 1482 938 plicat,

989 945 1138 978 Pendens
1167 946 1272 978 crucis
1299 946 1378 977 acie.

942 1041 1029 1073 Hinc
1056 1045 1087 1073 et
1114 1045 1210 1082 pater
1235 1042 1440 1083 Hermolaus,

939 1089 1052 1121 Cultor
1073 1089 1205 1122 Domini
1232 1090 1435 1131 praeclarus,

986 1137 1101 1170 Fidem
1128 1136 1262 1170 firmans
1287 1138 1415 1170 claruit.

937 1235 1022 1274 Quos
1051 1233 1174 1267 Christi
1200 1234 1283 1266 texit
1309 1242 1459 1272 umerus;

936 1282 989 1314 Sic
1016 1283 1172 1324 impletur
1198 1285 1229 1314 et
1255 1291 1408 1314 numerus

986 1329 1196 1375 [Martyrum]
1219 1331 1331 1363 decem
1345 1330 1481 1364 milium,

937 1428 1000 1469 En,
1027 1427 1114 1461 furia
1140 1428 1249 1460 innexi

937 1477 1088 1509 Patibulo

936 1525 1074 1558 Solvunt
1082 1530 1157 1558 vota
1167 1526 1201 1557 in
1213 1524 1480 1562 cordislatibulo,

985 1573 1089 1608 Cruor
1112 1583 1246 1615 quorum

984 1623 1140 1656 Medctur
1172 1622 1266 1655 malis
1297 1629 1480 1662 aegrorum.

932 1721 1090 1763 Angelica

986 1770 1108 1809 Quibus
1136 1777 1197 1802 vox
1224 1769 1366 1801 insonuit

1035 1817 1233 1852 Confortans
1260 1818 1396 1858 pariter„

934 1867 1026 1900 Dans
1052 1868 1174 1900 caelica

983 1916 1117 1957 Nuntia,
1146 1913 1234 1961 [dum
1261 1912 1398 1958 tonuit]:

1033 1965 1134 1999 Vobis
1161 1965 1342 2005 aequaliter

935 2016 1064 2048 Dantur
1088 2014 1211 2055 gloriae
1239 2021 1387 2045 coronae.

938 2113 976 2155 Ο,
1004 2112 1056 2144 hic
1083 2112 1203 2143 milites
1230 2108 1320 2150 facti,

934 2162 1079 2203 Regnum
1109 2160 1249 2192 caeleste
1276 2158 1373 2201 nacti,

983 2211 1137 2243 Gaudent
1161 2208 1194 2239 in
1221 2207 1350 2240 trifario

983 2259 1071 2292 Caeli
1101 2257 1269 2290 viridario.

424 2362 457 2395 7.
481 2360 583 2395 Sacra
607 2363 726 2399 turma,
754 2368 814 2400 pro
841 2367 907 2400 qua
932 2360 963 2389 te
990 2355 1108 2397 tradis,

479 2411 558 2454 Fac,
586 2409 758 2442 monadem
785 2407 903 2441 triadis

530 2459 577 2495 Ut
604 2466 847 2500 cognoscamus,

527 2507 604 2541 Tibi
629 2507 829 2548 placeamus.
