1654 2756
182 237 243 271 5a.
272 237 346 270 Nisi
373 242 603 280 concepturam

321 286 489 329 Propheta
514 288 661 329 vidisset,

272 334 445 378 Nunquam
472 337 652 377 parituram

321 385 489 426 Virginem
517 385 655 418 dixisset

369 433 611 466 Circumdando
639 434 752 467 virum.

183 516 244 548 Ga.
272 515 335 548 Est
361 526 420 549 rex
445 517 607 548 Assuerus

320 565 362 597 Et
389 564 510 597 Hester
536 563 657 596 Iudaea

269 613 399 645 Iudaeis
425 621 557 644 severus

316 661 360 693 Et
385 660 496 693 Iudith
522 659 684 699 Hebraea,

364 710 501 742 Hostem
528 709 705 749 iugulavit;

180 792 239 824 7a.
268 791 413 825 Generat
437 792 549 832 puella

318 841 417 873 Suum
445 841 635 882 genitorem,

267 890 367 922 Iacob
394 889 517 921 micans
544 889 650 929 stella⁷

319 940 458 971 Portans
484 939 686 979 portitorem,

364 988 394 1019 A
422 996 484 1026 quo
510 986 714 1027 portabatur.

179 1070 240 1103 Sa.
267 1070 356 1111 Rege
383 1073 527 1102 nostram
555 1078 679 1110 navem,

317 1118 420 1151 Stella
445 1118 614 1155 matutina,

266 1166 318 1199 Da
344 1170 474 1208 portum
501 1174 643 1205 suavem,

313 1215 365 1247 Ne
390 1225 455 1247 nox
481 1214 668 1255 vespertina

362 1265 488 1297 Obruat
514 1262 688 1304 procellis;

819 142 961 177 57-

887 239 948 274 5b.
975 239 1097 280 Rubus,
1126 239 1249 281 hortus,
1278 241 1373 278 porta

1021 289 1066 321 Et
1089 287 1254 320 abscissus
1280 286 1374 329 lapis,

974 337 1037 369 Per
1062 346 1158 378 quam
1182 337 1237 369 lux
1264 339 1312 367 est
1337 339 1428 374 orta3

1022 385 1106 424 Non,
1134 386 1219 426 quod
1247 384 1329 423 dico⁷
1357 383 1458 424 capis,

1072 434 1164 473 Quod
1184 440 1234 466 est
1248 433 1371 465 cunctis
1386 432 1512 465 mirum.

885 515 945 550 6b.
974 516 1114 547 Pulchra
1141 515 1326 554 Sunamitis,

1021 565 1109 604 Quae
1136 563 1243 596 David
1272 564 1417 603 servivit,

973 612 1035 644 Illa
1062 612 1166 644 Rahel
1194 612 1292 652 mitis⁷

1021 662 1108 702 Quae
1135 665 1233 701 caput
1258 661 1412 693 contrivit

1070 709 1114 742 Et
1141 708 1259 741 fortem
1285 709 1475 749 prostravit.

886 790 946 825 7b.
975 792 1038 824 Per
1064 793 1148 824 hunc
1176 791 1281 824 factus
1308 792 1456 833 munduS,

1019 842 1119 882 Quem
1146 841 1246 873 lactat
1273 840 1382 880 ubere,

972 889 1060 922 Leve
1086 893 1196 929 portat
1221 889 1361 930 pondus,

1023 939 1066 971 Ut
1092 938 1125 969 in
1151 939 1268 970 itinere

1067 986 1211 1026 Virginis
1238 990 1447 1019 monstratur.

885 1067 942 1101 Sb.
972 1068 1075 1100 Detur
1101 1069 1269 1109 securitas,

1021 1117 1084 1150 Ubi
1111 1117 1181 1148 laus
1208 1118 1371 1157 perennis,

971 1165 1061 1196 Assit
1090 1163 1230 1197 felicitas

1020 1214 1064 1245 Et
1091 1214 1160 1245 dies
1187 1214 1343 1246 sollennis

1070 1262 1267 1295 Permanens
1294 1263 1325 1294 in
1354 1263 1463 1296 caelis.

243 1346 385 1382 Sequent.
413 1354 465 1372 ms.
497 1345 607 1372 Adami
631 1345 870 1371 Ravennatensis
900 1345 971 1371 anni
1000 1342 1161 1372 1585—87.
1206 1344 1276 1373 Cod.
1300 1345 1434 1373 Classen.
1456 1342 1514 1373 360

164 1384 243 1420 (139.
269 1384 294 1412 5.
321 1385 362 1419 S).
390 1399 425 1404 „-
456 1383 508 1415 la,
534 1384 547 1411 l
577 1384 660 1410 Dies.
682 1400 718 1403 —
747 1380 801 1415 2b,
823 1380 841 1409 2
869 1382 957 1417 Quod
984 1392 1040 1410 nec
1065 1384 1178 1419 lingua.
1201 1399 1236 1403 --
1259 1381 1314 1416 21),
1337 1384 1355 1411 :5
1382 1386 1513 1412 Tantum

167 1425 268 1453 caelis.
291 1439 328 1443 —
350 1423 401 1457 512,
424 1422 443 1450 4
473 1423 505 1450 Si
532 1431 608 1459 quae
636 1422 712 1449 dico.
735 1436 771 1440 —
794 1422 855 1448 Der
878 1422 961 1450 Reim
988 1424 1019 1449 in
1046 1421 1098 1455 7b‚
1124 1421 1135 1449 1
1166 1433 1193 1450 u.
1226 1422 1276 1455 Tb,
1298 1421 1316 1450 3
1343 1424 1440 1451 diirfte
1465 1423 1513 1450 die

167 1463 368 1491 franziisische
390 1463 573 1491 Provenienz
598 1462 774 1497 bestatigeu.

620 1576 669 1606 42.
703 1576 744 1606 De
766 1574 943 1606 Nativitate
965 1575 1054 1607 BMV.

178 1662 237 1695 la.
264 1660 420 1692 Nascitur
445 1668 563 1691 aurora

261 1707 458 1749 splendiflua

176 1796 237 1827 2a.
265 1793 349 1825 Atra
377 1791 501 1824 fatiscit
527 1790 651 1832 umbra,

263 1845 459 1874 evanescunt
483 1841 723 1881 phantasmata,

177 1927 236 1958 3a.
264 1924 349 1957 Solis
375 1925 511 1965 aeterni,
540 1923 746 1964 duodecupla

263 1974 371 2006 radiat
395 1973 481 2006 unde
507 1972 641 2011 iustitia,

174 2060 235 2093 4a.
265 2057 418 2090 Nascitur
442 2056 503 2089 flos
529 2056 638 2090 odoris

262 2107 371 2147 specie
398 2106 492 2139 nivea

259 2156 294 2188 in
321 2165 436 2198 campo
463 2156 608 2198 dumoso,

259 2214 354 2246 quem
383 2205 484 2237 nescit
510 2205 673 2247 agricola3

172 2291 235 2325 5a.
263 2289 420 2323 Nascitur
446 2294 477 2322 et
506 2289 655 2322 coccinea

257 2338 411 2372 Davidici

258 2388 438 2422 stemmatis
465 2389 562 2430 linea,

257 2447 357 2479 super
382 2440 491 2471 lunam
517 2437 622 2470 nitida

261 2496 423 2529 superque
450 2488 549 2520 solem
579 2485 655 2520 filia.

880 1658 940 1692 lb.
969 1658 1136 1700 Crocoque
1163 1660 1292 1692 rubenti

967 1708 1141 1741 simillima.

877 1792 938 1826 2b.
966 1792 1044 1824 Alta
1070 1792 1233 1825 nitescunt
1259 1793 1384 1835 aethra,

964 1841 1094 1881 pictura
1121 1843 1207 1873 cedit
1234 1846 1353 1875 astrea.

878 1925 939 1959 3b.
968 1927 1035 1958 Ista
1061 1930 1204 1957 meretur
1231 1925 1313 1957 mira
1339 1927 1445 1966 gratia

967 1974 1038 2007 fieri
1065 1983 1183 2016 parens
1211 1980 1240 2006 et
1271 1974 1389 2009 baiula.

877 2059 938 2092 4b.
964 2059 1081 2091 Deifici
1107 2058 1196 2098 origo

963 2108 1024 2140 lilii
1052 2116 1178 2149 carnea,

964 2157 1049 2198 quod
1078 2165 1208 2196 semper
1234 2156 1383 2188 humecta

964 2206 1072 2246 diligit
1097 2204 1267 2236 convallia.

876 2291 938 2324 5b.
967 2289 1113 2322 Consone
1140 2287 1342 2320 modulantia

963 2347 1048 2370 nunc
1075 2340 1184 2368 creata

962 2386 1098 2418 iubilent
1125 2386 1232 2418 omnia

964 2445 1022 2467 sua
1049 2438 1125 2467 nata
1153 2435 1293 2475 domina,

964 2484 1024 2516 sibi
1049 2493 1222 2525 progressa
1247 2484 1360 2527 gloria.
