1654 2756
696 132 958 168 -166—

185 231 247 264 93.
285 230 419 263 Gemma
446 231 620 271 pretiosior

331 278 461 310 Cunctis
488 283 535 310 est
561 277 736 320 lapidibus,

278 326 332 359 Sic
358 327 384 358 is
404 327 582 367 sapientior

327 375 459 407 Cunctis
486 374 697 414 sapientibus.

161 462 205 494 10
218 471 246 494 a.
283 460 468 492 Sacerdotis
497 461 685 501 dignitatem

281 508 376 540 Suam
404 515 516 541 contra
545 509 739 541 voluntatem

323 556 427 589 Sumit
452 567 470 589 a
499 558 647 596 Valerio;

160 644 244 676 1121.
280 643 487 682 Disputando
511 643 706 675 Fortunatus

281 691 443 730 Superare
470 693 573 723 virum
602 696 689 722 ratus

281 739 339 770 Est
367 739 407 770 ab
434 741 490 771 illo
515 744 685 780 superatus

329 788 364 818 In
394 792 569 827 conspectu
595 787 756 827 gentium;

243 900 247 905 .
284 874 389 913 Magis
417 883 492 914 ergo
519 875 621 906 virtus
649 874 761 914 crevit,

279 922 360 960 Quia
388 924 490 954 maius
519 923 633 962 dogma
659 922 752 961 sevit,

278 970 375 1001 Caelo
402 971 544 1011 migrans
567 970 642 1001 hine
659 970 791 1010 quievit,

279 1018 499 1058 Hipponensis
513 1018 591 1050 urbs
605 1018 689 1049 hunc
704 1017 793 1050 flevit

327 1066 471 1107 Totaque
498 1067 675 1106 provincia.

889 229 952 264 9b.
976 229 1062 261 Hinc
1086 230 1185 263 ardor
1209 228 1330 270 ingenii

1028 277 1121 318 Viget
1148 281 1179 309 et
1204 277 1380 316 subtilitas,

980 325 1044 358 Sed
1070 325 1200 358 maioris
1227 325 1324 368 pretii

1025 373 1215 406 Sanctitatis
1242 374 1394 414 dignitas.

978 461 1065 493 Hinc
1090 462 1131 493 ad
1159 460 1255 493 fidem
1280 460 1494 493 christianam

976 509 1112 542 Gentem
1140 509 1242 540 trahit
1268 508 1462 541 Africanam

1023 558 1102 589 Eius
1129 557 1342 598 praedicatio.

855 461 943 494 lob.

855 645 897 677 11
910 643 941 676 b.
979 644 1090 676 Victus
1116 644 1170 675 hic
1195 647 1244 675 est
1271 648 1303 675 et
1329 643 1489 682 turbatus,

976 692 1038 724 Sed
1067 693 1107 724 ad
1132 701 1212 724 onus
1239 692 1445 732 praesulatus

976 740 1018 772 Et
1047 740 1200 773 honorem
1227 740 1418 772 sublimatus

1027 789 1087 820 Est
1113 789 1164 819 vir
1190 798 1249 828 per
1276 789 1454 820 Valerium.

856 876 899 907 12
912 874 943 907 b.
980 876 1043 907 Per
1060 875 1156 914 hunc,
1184 874 1323 915 Christe,
1352 875 1409 906 lux
1428 875 1493 906 vir-

1217 923 1306 962 tutis,

978 970 1075 1002 Vitae
1103 970 1188 1013 vitis,
1213 970 1395 1010 impollutis

979 1018 1080 1050 Nobis
1108 1027 1205 1050 carne
1229 1019 1380 1050 resolutis

978 1068 1126 1099 Summae
1154 1077 1267 1098 munus
1296 1068 1337 1098 tla
1363 1068 1477 1099 salutis

1002 1115 1037 1146 In
1065 1120 1195 1146 aeterua
1217 1115 1331 1155 gloria.

233 1199 318 1225 Miss.
352 1208 404 1225 nis.
434 1203 579 1227 Seru-ense
599 1196 684 1233 [saec.
719 1198 762 1227 15.
792 1200 862 1227 Cod.
893 1200 1035 1235 Upsalen.
1064 1199 1086 1226 C
1112 1198 1177 1227 427.
1204 1201 1238 1226 A.
1266 1215 1302 1218 -—
1332 1201 1414 1227 Miss.
1441 1210 1495 1227 ms.

156 1237 324 1272 Upsalense
347 1246 421 1264 saec.
448 1238 490 1264 15.
507 1239 577 1265 cod.
594 1239 737 1272 Upsalen.
761 1238 784 1265 C
804 1236 869 1265 420.
886 1239 919 1266 B.
941 1253 979 1256 —
993 1237 1045 1269 2a,
1068 1236 1086 1264 2
1107 1239 1198 1265 totius
1220 1238 1394 1265 clericorum
1410 1240 1441 1266 B.
1459 1253 1494 1258 —-

156 1274 212 1307 2b‚
236 1274 253 1302 ‘2
275 1275 462 1311 Lippidoqut·
487 1277 518 1303 B.
540 1291 576 1295 —
599 1275 650 1307 3³,
677 1276 689 1303 1
714 1278 890 1310 Nostremtl)
910 1277 1018 1304 fontem
1042 1277 1159 1304 Christe
1183 1279 1214 1304 B.
1245 1293 1270 1295 -Δ

1293 1276 1343 1309 Sa,
1367 1276 1380 1304 1
1405 1287 1492 1313 prece

158 1314 276 1340 stabilis
298 1315 330 1340 B.
354 1329 387 1332 —
405 1314 458 1344 6b,
484 1315 495 1342 1
514 1316 635 1342 Crescat
656 1316 689 1342 B.
711 1330 749 1334 —
772 1315 823 1347 7b,
847 1315 860 1343 1
884 1317 979 1342 iustus
1001 1316 1032 1342 in
1054 1317 1183 1342 cisterna
1198 1316 1232 1342 B.
1254 1331 1289 1334 —
1311 1314 1365 1348 81),
1387 1314 1406 1343 3
1421 1317 1495 1344 Cum

155 1352 259 1379 labore
282 1353 314 1379 B.
337 1369 372 1372 —
395 1352 445 1382 911,
468 1352 486 1381 3

508 1354 565 1381 Sed
588 1354 634 1381 his
658 1355 689 1381 B.
713 1371 749 1374 —
771 1353 824 1386 9b,
849 1353 861 1380 1
886 1354 975 1381 Huic.
998 1369 1034 1372 —
1057 1355 1115 1381 Cfr.
1138 1355 1309 1391 Klemming
1330 1356 1384 1382 111.
1408 1364 1435 1391 p.
1458 1354 1494 1382 27

159 1400 238 1426 sqq.;
262 1399 307 1417 am
326 1392 451 1419 meister:
474 1393 607 1419 entstellt
629 1394 666 1419 ist
689 1394 736 1419 bei
757 1393 817 1419 ihm
842 1391 917 1425 1221,
942 1391 953 1419 l
977 1393 1072 1420 virtus
1094 1394 1203 1427 cernitq
1228 1391 1306 1425 12³,
1329 1392 1346 1421 3
1363 1395 1495 1430 migrans

160 1429 236 1456 hunc
259 1431 365 1464 querit.
390 1446 424 1450 -—
447 1431 593 1458 Melodie:

637 1431 748 1458 Salve
770 1431 1132 1466 materhsalvatoriS.

516 1528 571 1558 177.
604 1527 638 1558 ln
662 1526 886 1558 Translatione
909 1536 932 1558 s.
955 1526 1137 1567 Augustini.

162 1597 221 1627 la.
259 1596 450 1636 Jucundare,
479 1599 572 1637 plebs
600 1598 728 1640 devota,

256 1644 400 1675 t'clebris
427 1646 556 1685 insurge
583 1650 661 1687 tota,

255 1692 351 1729 Ecce,
381 1693 449 1725 dies
477 1694 573 1733 digne
600 1699 676 1726 nota

302 1741 354 1771 Ad
383 1740 513 1774 honoris
541 1742 718 1782 cumulum3

155 1828 214 1859 221.
252 1825 366 1858 Africa
393 1827 476 1859 hunc
503 1828 666 1869 educavit,

251 1873 364 1906 Africa
390 1875 474 1907 hunc
501 1877 665 1918 exaltavit,

250 1923 381 1954 Monica
407 1924 492 1956 hunc
518 1925 685 1964 generavit

299 1971 377 2003 Cum
404 1973 474 2005 viro
503 1973 654 2005 Patricio.

152 2060 171 2092 3
182 2068 211 2091 a.
247 2059 345 2099 Quem
358 2058 432 2091 dum
445 2063 553 2091 censet
564 2059 626 2091 sibi
634 2057 786 2102 flendum,

247 2109 368 2139 Astans
383 2108 522 2148 spondet
536 2108 787 2140 convertendum

249 2156 306 2186 Vir
337 2156 369 2187 in
396 2157 515 2188 somnis
543 2160 575 2188 et
600 2156 786 2188 addendum

297 2204 365 2236 Sibi
393 2213 450 2245 spe
478 2205 682 2238 catholicum.

148 2293 211 2323 4a.
248 2291 316 2330 Quo
341 2291 445 2324 relatu
472 2296 576 2324 mater
601 2296 688 2324 mota

251 2340 317 2372 Iter
346 2341 444 2372 vertit
469 2341 510 2373 ad
537 2341 658 2382 ignota,

246 2387 421 2422 Ambrosio
447 2399 505 2422 sua
533 2394 606 2422 vota

291 2436 453 2470 Reserare
480 2439 635 2479 cogitans.

861 1598 921 1630 lb.
956 1598 1047 1630 Haec
1074 1603 1123 1630 est
1151 1599 1230 1640 dies,
1259 1609 1321 1639 qua
1349 1599 1462 1631 beatus

952 1647 1152 1686 Augustinus
1179 1652 1227 1678 est
1254 1648 1431 1679 translatus

951 1694 995 1726 Et
1022 1695 1144 1734 Papiae
1171 1696 1347 1727 collocatus

999 1742 1064 1774 Ter
1098 1748 1297 1775 commutans
1325 1745 1494 1778 tumulum.

856 1829 918 1861 2b.
956 1830 992 1860 In
1020 1830 1185 1869 primaeva
1212 1831 1274 1862 iam
1301 1836 1408 1864 aetate

952 1877 1035 1909 Huic
1063 1878 1172 1910 illecto
1199 1880 1343 1912 vanitate

951 1926 1060 1958 Mater
1086 1927 1193 1959 obstat
1222 1929 1344 1968 pietate

999 1975 1220 2008 Lacrimarum
1247 1976 1356 2010 fluvio.

850 2062 869 2093 3
881 2060 911 2093 b.
948 2062 1042 2094 Hunc
1052 2067 1126 2103 post
1135 2064 1250 2104 dogma
1260 2066 1491 2107 Tagastanum‚

947 2111 1168 2151 Carthagense
1195 2113 1246 2144 vel
1273 2114 1452 2146 Romanum

947 2158 1054 2199 Elegit
1082 2160 1303 2192 Mediolanum

994 2207 1166 2239 Doctorem
1193 2209 1403 2243 rhetoricum.

849 2291 913 2325 4b.
951 2294 1019 2333 Quo
1047 2294 1121 2326 dum
1149 2304 1261 2328 errans
1288 2303 1472 2338 revocatur,

949 2343 1055 2374 Intrat
1081 2343 1220 2386 hortum,
1250 2345 1454 2388 lacrimatur,

947 2390 1004 2424 Cui
1032 2400 1094 2424 vox
1122 2392 1163 2424 ab
1189 2393 1256 2425 alto
1284 2394 1382 2428 datur

999 2439 1123 2482 „T011e‚
1151 2440 1240 2482 lege“
1273 2443 1454 2480 clamitans
