1654 2756
723 136 991 172 —116—

197 238 257 270 4a.
286 237 425 271 Mortem
453 238 548 279 subit,
577 237 681 270 victor
705 234 819 276 surgit,
889 234 951 268 4b.
978 233 1053 267 Illic
1077 233 1188 265 iuncta
1214 232 1356 265 trinitati

285 285 417 320 Caelum
437 286 574 324 scandit.
595 286 679 318 viam
694 283 819 325 pandit,
977 281 1110 315 Gaudes
1137 282 1170 313 in
1196 281 1349 322 amplexu
1374 279 1455 320 nati,

332 335 385 367 Ad
412 340 545 369 aeterna
571 334 697 375 gaudia.
1027 330 1138 370 Virgo,
1164 332 1282 371 mater,
1310 327 1391 363 filia.

198 413 258 443 5a.
285 411 311 443 Ο
338 412 454 452 Maria,
482 416 585 444 mater
610 411 675 452 pia,
891 409 950 443 5b.
978 409 1003 442 0
1029 409 1151 449 regina,
1178 406 1410 449 supplicamus,

285 459 356 492 Lux
383 462 556 502 caelorum,
583 468 657 500 spes
684 467 821 499 reorum,
980 457 1026 489 Te
1052 466 1124 488 cum
1150 459 1226 488 nato
1253 455 1421 488 videamus

335 507 420 541 Nato
446 518 503 541 nos
530 508 681 549 concilia,
1031 507 1068 538 In
1095 503 1229 545 perenni
1256 503 1370 543 gloria.

267 584 350 611 Miss.
373 593 424 611 ms.
448 584 476 612 S.
492 585 623 612 Floriani
647 592 722 611 saec.
746 581 790 610 14.
825 582 896 610 Cod.
919 583 1049 610 Florian.
1072 582 1117 609 111
1132 578 1187 608 221
1206 580 1242 607 A.
1263 581 1297 607 A.
1316 595 1352 600 --
1366 581 1451 608 Miss.
1473 588 1527 606 ms.

191 623 219 649 S.
247 622 381 649 Floriani
412 632 487 651 saec.
518 622 562 650 14.
605 623 675 650 Cod.
703 622 832 649 Florian.
863 622 906 649 XI
933 619 999 648 394.
1023 622 1055 648 Β.
1076 635 1114 638 -
1143 620 1229 646 Miss.
1257 628 1310 645 ms.
1339 620 1368 648 S.
1394 619 1529 646 Floriani

190 670 266 688 saec.
290 660 333 688 15.
357 663 396 688 in.
420 663 490 690 Cod.
513 662 644 689 Florian.
666 661 709 688 XI
732 658 798 688 389.
821 660 851 687 C.
875 675 912 679 —
933 660 1024 688 Grad.
1046 669 1098 686 ms.
1122 657 1362 691 cisterciensem
1383 667 1460 685 saec.
1485 655 1531 684 15.

190 700 260 727 Cod.
283 700 493 728 Carolsruhan.
530 701 587 728 UH
613 700 625 728 l
661 701 696 727 D.
718 715 755 719 —
777 698 827 730 51),
850 696 867 725 2
888 700 930 727 Ut
950 703 979 726 te
1000 700 1032 726 C.

643 803 698 834 119.
731 803 772 833 De
795 801 896 834 Beata
918 802 1020 833 Maria
1042 802 1078 832 V.

200 884 258 916 1a.
287 884 393 921 Salve,
421 894 541 924 sponsa
566 885 669 926 patris
693 884 774 925 aevi,
902 883 959 917 lb.
988 883 1094 920 Salve,
1121 886 1226 913 mater
1252 882 1356 912 nostri
1382 880 1456 918 Dei,

288 931 537 972 Supplantatrix
565 933 666 964 hostis
688 932 775 963 saevi
987 930 1200 971 Suffragatrix
1227 938 1300 961 nam
1327 938 1360 960 es
1388 928 1445 960 rei.

338 980 533 1020 Reparatrix
560 981 703 1022 gratiae,
1035 979 1142 1020 Salve,
1170 978 1308 1018 pulchra
1335 976 1428 1009 facie,

201 1059 259 1091 aa.
289 1057 363 1089 Sine
390 1058 514 1096 peccati
541 1057 652 1089 fomite
898 1057 957 1090 2b.
985 1056 1061 1088 Sine
1086 1055 1251 1096 impudico
1276 1059 1365 1087 tactu

287 1105 337 1136 De
363 1105 420 1136 alti
450 1106 528 1137 rami
551 1106 661 1145 stipite
983 1104 1186 1136 Fecundaris
1213 1103 1298 1135 almo
1324 1102 1432 1136 fructu

338 1152 495 1185 Gentibus
523 1163 555 1184 es
582 1154 759 1195 producta;
1032 1153 1075 1184 Et
1101 1160 1212 1184 manes
1239 1151 1441 1192 incorrupta.

201 1231 261 1262 3a.
291 1229 393 1261 Stella
417 1238 450 1260 es
476 1229 702 1269 navigantibus
896 1230 958 1264 3b.
987 1230 1090 1263 Stella
1115 1233 1150 1260 tu
1177 1227 1401 1269 refulgentior,

290 1278 326 1309 In
353 1277 472 1309 mundo
498 1276 736 1316 fluctuantibus,
982 1278 1085 1315 Luna,
1113 1277 1181 1309 sole
1207 1276 1424 1319 splendidior,

340 1325 443 1364 Salus,
471 1334 545 1365 spes
573 1325 763 1365 desperatis.
1035 1326 1161 1357 Lucens
1188 1325 1277 1357 caelo
1305 1324 1420 1357 beatis,

203 1405 263 1434 4a.
292 1401 403 1441 Signat
431 1401 592 1434 Gabrielis
619 1411 724 1443 sonuS,
897 1402 958 1436 4b.
987 1403 1100 1443 Signat
1125 1403 1220 1434 stella
1246 1412 1319 1434 nam
1348 1412 1513 1442 magorum

292 1448 412 1481 Summi
431 1450 515 1490 quod
536 1459 568 1481 es
584 1450 668 1490 regis
681 1450 826 1489 thronus,
985 1451 1031 1482 Te
1059 1451 1219 1483 dominam
1247 1451 1433 1490 angelorum

340 1498 420 1538 Ave,
448 1498 544 1538 plena
570 1498 692 1539 gratia,
1034 1499 1091 1530 Eis
1119 1499 1199 1531 dans
1226 1499 1357 1533 solacia.

204 1577 263 1608 5a.
293 1573 367 1606 Sola
385 1575 470 1615 quod
490 1579 583 1615 porta
601 1584 643 1616 es,
673 1575 828 1615 creditur,
899 1575 958 1608 5b.
986 1575 1061 1607 Sola
1088 1580 1117 1606 et
1145 1579 1271 1616 portam
1299 1577 1418 1617 aperis,

293 1623 356 1654 Per
380 1632 474 1662 quam
498 1623 629 1655 verbum
649 1623 830 1663 ingreditur
988 1626 1088 1662 Quam
1105 1624 1224 1655 dudum
1241 1623 1382 1656 clausam
1392 1625 1528 1667 repet-ie,

341 1670 378 1702 Iu
405 1672 515 1703 mundi
543 1671 706 1712 exsilium3
1035 1672 1154 1712 Aperis
1181 1680 1242 1712 per
1267 1671 1378 1706 filium.

205 1748 265 1779 ὅτι.
295 1747 413 1779 Sancta
440 1748 543 1789 gratia
570 1748 704 1787 spiritus
901 1748 961 1782 6b.
991 1749 1172 1788 Sanctaque
1199 1758 1321 1780 summa
1347 1750 1488 1789 trinitas,

292 1794 338 1826 Es
365 1796 489 1836 repleta
517 1796 682 1834 divinitus,
988 1797 1024 1828 In
1053 1797 1173 1829 deitate
1198 1797 1314 1839 unitas,

342 1842 395 1874 Sic
420 1848 452 1875 te
478 1848 571 1884 pater
597 1844 727 1883 amavit,
1040 1846 1080 1878 Se
1106 1845 1166 1877 tibi
1193 1846 1338 1881 sociavit,

209 1921 267 1952 7a.
298 1919 451 1959 Subveni,
477 1925 589 1959 mater,
617 1921 755 1960 miseris,
903 1921 959 1956 7b.
988 1922 1128 1954 Subveni
1153 1927 1184 1954 et
1210 1932 1267 1954 nos
1294 1926 1431 1957 emenda

294 1967 435 2001 Subveni
461 1969 524 2000 tuis
550 1967 689 2006 famulis,
987 1972 1017 2002 A
1044 1971 1132 2003 vitiis
1159 1976 1190 2002 et
1217 1974 1404 2005 commenda

341 2017 471 2050 Adiuva
497 2018 733 2059 hymnizantes3
1037 2019 1103 2051 Nos
1130 2019 1197 2052 filio
1223 2026 1400 2054 cantantes.

207 2095 267 2127 Sa.
296 2095 455 2127 Succurre
481 2094 669 2136 viatoribus,
900 2096 959 2128 81).
988 2096 1146 2128 Succurre
1172 2102 1203 2128 et
1231 2106 1301 2129 cum
1328 2100 1464 2142 angelis,

295 2142 344 2174 Ne
369 2147 502 2175 satanae
526 2142 702 2174 terroribus
991 2144 1033 2177 Ut
1060 2146 1249 2185 gaudiorum
1278 2147 1309 2177 in
1334 2148 1433 2179 caelis

341 2192 378 2223 In
404 2191 467 2223 fine
493 2195 689 2231 terreamur3
1039 2193 1211 2225 Consortes
1237 2193 1456 2234 perfruamur.

272 2267 355 2294 Miss.
382 2277 434 2295 ms
455 2268 639 2295 Voraviense
665 2275 742 2294 saec.
766 2264 809 2293 15.
851 2266 922 2295 Cod.
944 2269 1104 2296 Voravien.
1128 2267 1155 2296 6.
1178 2270 1210 2296 Α.
1233 2285 1270 2288 —-
1292 2271 1376 2299 Cant.
1399 2282 1443 2300 ms
1476 2274 1532 2302 Te-

195 2307 332 2342 gurinum
361 2314 428 2334 saec
457 2305 501 2334 15.
529 2307 572 2343 Cg
573 2315 611 2333 ιιι.
637 2306 791 2333 Monacen.
819 2303 886 2334 716.
907 2308 940 2334 B.
961 2323 997 2326 —
1024 2305 1080 2340 2b,
1104 2307 1117 2334 1
1146 2309 1257 2345 pudioq
1261 2318 1297 2337 ue
1318 2312 1353 2339 A.
1377 2327 1410 2330 —
1439 2311 1493 2346 2b,
1515 2311 1534 2342 3

196 2353 319 2372 manens
341 2345 376 2372 A.
399 2361 434 2364 —
457 2344 512 2379 4a,
536 2315 572 2372 lg
572 2348 660 2372 tonus
683 2345 715 2372 A
739 2358 775 2362 —-
796 2342 848 2376 4b
873 2344 886 2372 1
909 2347 1055 2373 majorum
1075 2347 1110 2373 A.
1133 2361 1169 2366 —
1189 2346 1242 2381 4b,
1265 2347 1283 2375 2
1304 2349 1425 2379 domina
1446 2352 1481 2379 A.
1495 2367 1534 2372 -—

196 2383 248 2417 63
274 2382 286 2410 1
310 2386 412 2412 sancti
433 2386 494 2412 ΑΒ
516 2401 552 2404 -
582 2383 633 2417 7b,
655 2381 674 2411 3
694 2386 834 2411 canentes
854 2385 915 2412 AB
945 2399 978 2402 —
1007 2385 1263 2415 Bemerkenswert
1290 2389 1347 2424 ist,
1376 2391 1442 2418 dass
1464 2391 1534 2426 jede

196 2423 399 2458 Halbstrophe
421 2425 475 2451 mit
496 2423 561 2451 dem
582 2423 773 2450 Buchstaben
793 2419 812 2450 S
834 2422 971 2459 beg1nnt,
998 2424 1057 2451 und
1084 2425 1115 2451 in
1137 2425 1221 2460 jeder
1242 2427 1447 2466 Halbstrophe
1464 2400 1535 2458 Jund

196 2461 421 2498 Gegenstrophe
443 2463 496 2490 das
517 2466 594 2490 erste
614 2462 702 2489 Wort
722 2462 827 2489 immor
847 2462 945 2497 gleich
965 2463 1067 2491 lautet
