1654 2756
743 158 1006 193 —214—

486 274 556 306 234.
598 273 660 312 „De
681 281 706 304 s.
729 271 906 311 (willelmo,
925 271 1002 303 duce
1021 269 1243 311 Aquitaniae.“

231 356 291 390 la.
322 354 400 388 Dies
425 359 471 387 est
500 353 708 393 memoriam,
924 351 988 386 lb.
1017 352 1185 393 Quondam
1213 350 1277 382 dux
1304 347 1509 388 Aquitaniae,

326 403 502 436 Festivitas
529 401 735 442 triumphalis
949 438 952 441 ¹
1017 398 1139 432 Potens
1166 407 1272 431 comes
1297 395 1465 450 Pictaviae

377 450 542 484 Guillelmi
570 450 734 483 memoria.
1068 449 1204 481 Inclitus
1229 454 1393 487 prosapia.

231 540 292 572 2a.
324 538 405 570 Erat
431 547 567 578 corpore
593 545 758 578 procerus,
924 534 987 568 2b.
1021 535 1214 575 Plerumque
1240 542 1346 565 rerum
1374 531 1468 571 copia

327 587 473 626 Aspectu
499 587 594 618 nimis
620 594 763 624 severus,
1021 582 1135 615 Trahit
1163 582 1248 615 viros
1274 581 1316 613 ad
1344 580 1434 620 vitia,

377 634 572 667 Tumescens
597 633 759 675 superbia.
1069 632 1234 671 Iuventus,
1262 630 1401 661 licentia.

234 723 297 754 3a.
329 721 371 753 Et
398 722 479 753 sicut
507 729 606 761 equus
633 719 760 751 effrenis
925 717 984 751 3b.
1017 717 1112 750 Luxu
1138 718 1276 757 vinoque
1300 716 1436 756 sopitus,

332 769 476 801 Solvitur
502 769 584 801 laxis
611 768 756 808 habenis,
1019 765 1135 806 Epulis
1162 765 1256 798 nimis
1281 765 1410 796 deditus

378 816 492 858 Gulae,
519 819 623 848 ventri
651 815 798 855 servivit3
1070 813 1173 846 Laute
1199 822 1328 846 carnem
1353 811 1499 843 nutrivit.

234 905 296 936 4a.
329 903 449 942 Rapuit
473 902 586 934 fratris
612 911 756 940 uxorem,
927 900 989 934 4b.
1023 899 1075 933 Ad
1101 901 1204 932 instar
1231 898 1337 931 factus
1365 898 1509 930 Herodis

330 951 419 982 Arsit
447 951 488 982 ob
515 951 582 982 eius
607 959 748 982 amorem
1021 947 1242 980 Grassabatur
1268 947 1377 978 multis
1407 946 1523 988 modis,

381 999 455 1031 Visa
479 998 742 1040 pulchritudine,
1070 996 1220 1029 Vincitur
1245 996 1395 1027 libidine.

235 1087 296 1118 53.
328 1084 451 1116 Novem
476 1085 569 1116 annis
595 1093 629 1115 se
655 1084 799 1123 reclusit,
927 1082 989 1116 5b.
1019 1082 1174 1115 catenam
1201 1087 1295 1124 parat
1323 1081 1472 1121 ferream,

330 1132 430 1171 Quem
459 1132 658 1174 prosperitas
686 1131 805 1163 delusit
1021 1130 1129 1170 Capiti
1157 1131 1247 1171 ponit
1274 1130 1412 1171 galeam,

378 1180 421 1212 Et
449 1181 559 1212 mundi
586 1180 730 1220 fallacia3
1073 1179 1234 1211 Premitur
1258 1179 1380 1218 inopia.

236 1267 297 1298 63.
330 1266 467 1298 Cilicina
494 1271 581 1297 veste
606 1270 720 1305 tectus,
927 1264 990 1297 61).
1023 1264 1144 1296 Noctes
1168 1265 1329 1297 insomnes
1357 1265 1507 1305 ducebat,

331 1315 425 1352 Aqua
452 1318 556 1355 potus,
585 1317 672 1345 terra
697 1314 812 1351 lectus,
1023 1312 1172 1344 Membra
1199 1314 1305 1345 carnis
1332 1314 1506 1354 atterebat,

382 1361 478 1402 Degit
506 1363 537 1393 in
565 1363 720 1402 penuria,
1074 1360 1163 1393 Vixit
1189 1362 1221 1393 in
1248 1362 1408 1402 angustia.

239 1447 298 1479 7a.
331 1447 539 1478 circumdant
551 1448 844 1479 cellamdaeniones
929 1445 990 1479 71).
1022 1446 1127 1479 Extra
1155 1447 1282 1479 domum
1312 1448 1342 1479 vi
1362 1448 1540 1488 trahentes,

335 1494 508 1527 Sibilantes
534 1500 569 1526 ut
597 1495 762 1528 dracones.
1026 1494 1221 1527 semivivum
1249 1496 1481 1537 relinquentes,

384 1542 472 1583 Ursi,
499 1544 577 1583 lupi,
605 1547 783 1584 serpentes,
1073 1543 1169 1576 Hunc
1205 1545 1325 1576 acriter
1353 1545 1537 1578 caedentes.

240 1630 299 1661 83.
331 1628 475 1661 Tandem
502 1630 534 1661 in
561 1630 687 1661 stabulo
713 1630 815 1662 Rodis
932 1628 994 1662 8b.
1027 1629 1124 1661 Cuius
1155 1639 1241 1662 mors
1268 1640 1331 1662 non
1354 1636 1418 1663 tam
1439 1633 1545 1664 exitus

332 1678 415 1708 Arte
441 1678 520 1708 vixit
546 1678 653 1709 multis
682 1678 796 1717 modis,
1029 1678 1128 1717 Quam
1144 1679 1184 1710 ad
1203 1679 1300 1710 vitam
1316 1681 1543 1724 esttransitus,

386 1725 493 1756 Vitam
519 1730 621 1756 morte
643 1726 788 1757 mutavit.
1074 1726 1137 1765 Qui
1163 1727 1245 1758 dura
1271 1727 1432 1760 toleravit.

240 1811 298 1843 93.
333 1810 444 1842 Caecis
471 1812 557 1842 visus
585 1817 765 1850 reparatur,
931 1810 990 1843 9b.
1024 1811 1157 1844 Claudis
1184 1813 1328 1844 incessus
1356 1814 1516 1858 redditur,

336 1857 450 1890 Surdis
472 1859 601 1890 auditus
629 1860 776 1898 donatur,
1028 1859 1206 1901 Languidis
1243 1862 1375 1894 morbus
1402 1864 1545 1907 tollitur,

385 1905 533 1946 Seprosis
559 1907 726 1938 munditia.
1077 1909 1218 1941 Infimis
1247 1911 1420 1944 dementia.

218 1994 301 2027 103.
332 1993 446 2026 Caelos
472 1993 598 2025 scandit
625 1994 788 2024 laureatus
910 1995 952 2026 10
965 1993 995 2025 b.
1028 1994 1094 2027 Ubi
1119 2001 1167 2028 est
1194 2007 1316 2030 summa
1348 1999 1480 2031 trinitas

342 2041 417 2073 Post
446 2042 590 2074 diversos
617 2041 777 2073 cruciatus
1029 2042 1202 2077 Beatorum
1230 2045 1383 2089 felicitas,

385 2089 428 2122 Et
454 2090 566 2122 mundi
591 2088 779 2128 naufragia;
1079 2092 1222 2126 Maxima
1241 2095 1381 2128 laetitia.

295 2174 433 2210 Sequent.
456 2185 508 2203 ms.
523 2176 750 2203 Ravennatense
771 2176 842 2202 anni
866 2173 1026 2204 1585—87.
1063 2178 1134 2206 Cod.
1152 2180 1286 2207 Classen.
1303 2179 1360 2209 360
1372 2181 1450 2216 (139.
1466 2182 1492 2211 5.
1509 2184 1549 2219 S).

575 2288 643 2320 235.
685 2288 727 2319 De
749 2297 772 2320 s.
795 2288 966 2320 Guillermo
988 2289 1190 2323 Bituricensi.

244 2371 301 2403 la.
335 2370 443 2404 Gallia
469 2372 617 2413 reniteat,
935 2371 995 2406 lb.
1029 2372 1125 2405 Prole
1150 2376 1282 2415 quidem
1311 2377 1430 2421 Gallia,

338 2419 381 2451 Et
406 2420 439 2452 in
464 2420 611 2461 plausum
638 2420 776 2461 prodeat
1028 2420 1073 2453 Et
1098 2423 1188 2455 urbis
1215 2423 1398 2466 frequentia

389 2467 475 2501 Gens
501 2469 591 2501 urbis
617 2468 791 2512 Bituricae,
1079 2470 1143 2504 Pro
1169 2481 1226 2505 suo
1252 2475 1415 2514 pontifice.
