1654 2756
699 128 961 165 —137—

183 224 247 257 Sa.
275 224 395 267 Adam,
424 225 496 258 Eva
524 227 600 259 dum
619 227 796 267 offendunt,

274 272 347 307 Uno
362 283 458 314 pomo
474 275 629 308 mundum
641 276 796 315 vendunt,

323 322 509 356 Damnatur
534 325 730 365 posteritas3

186 409 249 441 93.
276 409 427 442 Christus
454 419 552 443 carne
577 411 703 451 patitur

325 458 362 491 In
389 458 505 491 salutis
532 459 685 500 pretium,

275 505 347 539 Tua
372 516 464 539 mens
491 507 697 547 transfigitur

324 556 390 588 Per
416 555 539 589 doloris
566 555 710 596 gladium
724 568 730 595 3

162 642 206 674 10
218 651 247 675 a.
279 642 387 684 Salve,
418 642 574 682 templum
602 641 770 681 trinitatis,

274 691 362 730 Quae
389 690 489 723 totius
515 690 700 722 sanctitatis

324 739 466 772 Praebes
493 739 713 780 exemplaria;

160 826 244 862 lla.
273 827 299 859 O
326 826 438 866 regina
466 830 630 868 coronata,

275 875 375 907 Veste
403 874 508 916 fulges
537 875 704 916 deaurata,

280 925 387 964 Super
413 932 523 956 omnes
550 924 735 964 sublimata,

325 972 468 1005 Ordines
495 972 681 1004 caelestium
694 985 701 1013 3

159 1060 204 1092 12
217 1070 246 1093 a.
275 1059 324 1091 Tu
351 1069 385 1092 es
411 1063 522 1091 nostra
549 1060 733 1102 mediatrix,

272 1108 456 1147 Advocata,
486 1108 694 1149 consolatrix,

321 1156 427 1197 Super
438 1156 547 1188 vinum
557 1159 589 1187 et
595 1160 794 1196 unguentum

322 1205 411 1236 Tuae
419 1213 577 1236 mammae
587 1205 666 1236 dant
676 1202 864 1245 fomentum,

373 1252 478 1295 Fove,
508 1253 594 1285 lacta
621 1254 775 1294 parvulos
788 1263 794 1295 3

891 227 954 262 8b.
981 227 1031 260 Tu
1058 231 1090 259 et
1117 227 1266 260 Christus
1291 236 1356 260 uno
1383 227 1482 260 corde

979 276 1138 309 Mundum
1164 274 1291 308 lavistis
1314 285 1334 308 a
1360 275 1468 317 sorde,

1025 325 1172 358 Laxatur
1194 324 1376 357 austeritas.

890 411 952 445 (Ab.
980 412 1103 444 Christi
1126 412 1323 444 resurrectio

1026 460 1149 493 Mundo
1177 461 1276 492 vitam
1303 462 1442 499 nuntiae

979 509 1042 541 Pro
1069 512 1159 541 tanto
1182 510 1303 542 solacio

1028 556 1098 589 Tua
1124 566 1213 589 mens
1239 558 1410 598 tripudiat.

869 642 951 676 lOb.
979 643 1138 676 Mundum
1167 644 1219 686 pie
1246 646 1407 678 salutasti,

976 692 1061 724 Dum
1089 692 1247 733 Birgittae
1273 694 1425 725 revelasti

1026 740 1159 773 Secreta
1184 741 1346 773 caelestia.

869 828 948 860 llb.
978 827 1045 860 Nos
1074 827 1207 867 dignare
1235 828 1380 869 visitare,

978 876 1023 910 Ut
1049 876 1208 916 possimus
1235 879 1267 907 te
1294 877 1429 909 laudare

981 924 1026 957 Et
1052 925 1083 956 in
1111 924 1198 956 bello
1226 924 1326 957 fortes
1354 930 1441 958 stare

1031 973 1153 1005 Contra
1184 971 1318 1005 fraudes
1344 975 1497 1007 hostiurn.

872 1060 954 1094 12b.
982 1060 1127 1093 Procede
1154 1069 1224 1091 cum
1252 1063 1306 1092 tuo
1333 1064 1417 1099 nato,

982 1109 1069 1148 Rege
1094 1108 1176 1140 caeli
1204 1112 1368 1145 coronato,

1029 1157 1124 1197 Veni,
1151 1157 1249 1188 terris
1275 1157 1448 1196 imperare.

1033 1205 1078 1237 Ut
1104 1204 1196 1245 plebs
1224 1206 1325 1245 possit
1354 1206 1499 1237 exaltare

1077 1254 1166 1286 Tuae
1192 1253 1297 1285 laudis
1326 1255 1447 1286 titulos.

228 1338 322 1369 Grad.
340 1337 524 1376 [Suecieuml
542 1341 612 1374 imp.
630 1340 769 1368 Lubecae
782 1340 928 1370 (Barthol.
944 1338 1064 1366 Gotliau
1081 1342 1086 1369 l
1102 1337 1189 1366 14(st
1206 1355 1240 1358 —
1260 1340 1321 1366 Das
1337 1340 1499 1375 Exemplar

147 1380 248 1407 dieses
271 1378 421 1407 Graduale
449 1380 503 1406 auf
525 1379 577 1406 der
599 1378 720 1413 1{i)nigl.
742 1378 918 1406 Bibliothek
946 1387 981 1405 zu
1005 1378 1178 1405 Stocklwlin
1203 1380 1241 1405 ist
1265 1379 1498 1413 unvollstiindiga

149 1417 284 1447 weshalb
320 1417 395 1445 auch
427 1418 626 1445 Provenienz-
659 1417 718 1444 und
750 1417 921 1452 Druckjahr
952 1417 1035 1443 nicht
1065 1426 1163 1452 gemm
1197 1418 1390 1445 laestiminlear
1423 1418 1498 1444 sind.

150 1457 259 1486 sicher
279 1458 320 1485 ist
342 1466 372 1484 es
394 1458 442 1484 ein
466 1456 683 1483 schwedisches
705 1456 871 1490 Graduale,
901 1455 1149 1483 wahrschoinlich
1173 1457 1220 1484 oin
1245 1457 1436 1491 Upsalenser.
1464 1473 1499 1476 —

152 1495 205 1530 la,
221 1494 240 1524 3
262 1499 307 1523 est
328 1495 457 1523 homine.
480 1509 517 1514 —-
541 1494 592 1525 71),
611 1495 622 1522 l
648 1499 701 1522 est*
725 1509 762 1514 —·
783 1495 914 1522 Melodie
936 1494 1028 1522 wohl:
1053 1495 1182 1522 Lauda
1204 1497 1302 1522 stou.

604 1619 667 1650 148.
701 1619 741 1650 Do
764 1618 864 1650 Beata
887 1617 988 1650 Maria
1014 1618 1046 1648 Υ.

551 1712 594 1743 ln
620 1711 738 1743 festo
765 1711 1098 1751 Conceptionis.

155 1811 215 1845 la.
245 1809 340 1844 Felix
368 1814 474 1842 mater
500 1811 650 1850 ecclesia,

244 1859 364 1893 Matris
392 1859 452 1891 Dei
482 1859 652 1892 sollemnia

295 1908 433 1948 Suscipe
460 1917 530 1940 cum
559 1908 688 1949 gaudio,

154 1997 174 2030 2
190 2006 219 2029 a.
246 1997 277 2029 A
304 1995 374 2028 Deo
400 1995 643 2038 praeordinata,

243 2043 297 2078 Ab
323 2045 440 2085 angelo
467 2045 626 2083 nuntiata,

292 2093 420 2126 Futura
446 2097 551 2126 mater
577 2093 639 2126 Dei

153 2183 216 2216 3a.
247 2181 443 2224 Concipitur
469 2180 619 2223 feliciter,

245 2232 406 2272 Concepit
432 2229 628 2263 mirabiliter

294 2281 367 2314 Non
395 2283 549 2321 suscepto
574 2279 708 2312 semine.

151 2369 215 2401 4a.
245 2368 345 2402 Cuius
372 2367 450 2401 festi
478 2368 634 2400 memoria

241 2417 317 2450 Non
345 2416 407 2450 fuit
433 2418 466 2450 in
493 2417 651 2457 ecclesia;

295 2467 406 2508 Ipsum
435 2463 582 2513 [festum]
612 2465 720 2498 colere

865 1805 928 1843 lb.
956 1810 1097 1850 Quorum
1126 1818 1222 1841 causa
1250 1809 1424 1850 singularis

952 1858 1014 1890 Est
1040 1858 1157 1890 beatae
1185 1858 1354 1899 virginalis

1001 1907 1130 1940 Mariae
1158 1908 1338 1948 conceptio.

860 1994 922 2029 2b.
949 1995 1151 2036 Concipitur,
1181 2004 1243 2027 non
1272 1994 1421 2035 concepit

952 2041 1105 2087 [Labem]
1135 2048 1165 2075 et
1194 2053 1232 2076 ex
1260 2043 1321 2075 hoc
1350 2043 1471 2083 incepit

1001 2094 1133 2126 Patrem
1160 2096 1291 2124 nostrae
1317 2090 1406 2125 fidei.

862 2180 922 2215 31).
952 2181 1039 2213 Vere
1067 2179 1145 2211 felix
1173 2180 1355 2218 conceptio,

951 2228 1124 2261 Trinitatis
1150 2229 1286 2260 consilio

1001 2279 1138 2310 Inventa
1163 2285 1224 2317 pro
1252 2277 1399 2309 homine!

865 2366 924 2400 4b.
955 2365 1198 2406 Colendumque
1224 2366 1417 2405 praedicare

953 2414 1036 2447 Sunt
1063 2414 1167 2446 coacti
1194 2415 1283 2457 passi
1311 2424 1400 2448 mare

1002 2463 1097 2496 Vitae
1125 2463 1201 2496 (luto
1227 2473 1372 2498 munere.
