1654 2756
754 168 796 173 —-
851 148 1018 184 103—

665 261 729 293 100.
761 262 804 293 lle
827 262 927 294 Beata
950 261 1052 294 Maria
1075 262 1110 292 V.

243 341 261 374 1
274 351 305 376 a.
331 342 415 383 Ave,
436 341 601 375 Christum
615 344 851 385 quaelactasti,

333 391 431 424 Cuius
458 400 557 424 carne
582 401 641 424 nos
667 392 795 432 cibasti,

382 440 468 472 Esca
494 441 577 472 caeli
603 441 730 483 curiae;

242 522 304 556 2a.
333 523 489 562 Feneras,
517 526 552 554 tu
577 522 769 555 lacrimosae

331 571 464 608 Mentis,
483 579 569 602 nunc
586 571 645 602 sed
663 572 849 614 gaudiosae,

379 619 488 651 Antea
514 628 596 659 quae
622 618 771 653 fleveras.

242 703 302 735 3a.
333 701 416 732 Vitis
444 710 518 733 vere
546 706 579 733 tu
606 701 789 743 abundans,

332 750 446 781 Vinum
479 750 537 781 das
563 750 643 782 satis
670 751 850 783 iucundans

376 798 472 830 Filiis
498 799 673 839 ecclesiae,

237 883 257 914 4
274 891 302 914 a.
332 881 470 913 Redime
496 890 554 912 nos
582 882 622 913 de
649 881 822 922 profundis

329 931 541 962 Peccatorum
569 931 693 971 magnis
721 932 828 971 undis,

377 979 557 1011 Sanctitate
584 980 741 1021 celebri83

329 1029 410 1065 Ave,
439 1036 576 1067 sequens
603 1028 744 1068 minima,

329 1076 482 1115 Quamvis
509 1085 596 1107 esses
624 1077 774 1117 maxima,

375 1124 447 1155 Non
477 1124 624 1155 sublimis
651 1125 831 1164 palpebris.

236 1209 254 1239 5
271 1216 301 1239 a.
328 1206 382 1238 Ad
410 1210 441 1237 te
468 1215 583 1246 preces
610 1205 775 1238 fundimus

327 1255 446 1287 Manus
473 1259 504 1286 et
531 1255 709 1287 attollimus

377 1303 512 1343 Semper
542 1313 600 1335 nos
629 1305 659 1335 in
687 1304 847 1337 noctibus.

234 1388 297 1419 6a.
327 1386 363 1418 In
392 1390 568 1426 conspectu
594 1387 780 1426 angolorum

326 1435 412 1468 Tibi.
438 1440 543 1466 mater
570 1435 780 1475 pupillorum,

375 1483 449 1515 Tibi
478 1483 590 1515 damus
618 1484 763 1525 cantica3

242 1566 300 1599 7a.
329 1566 446 1598 Tutum
474 1566 518 1598 sis
546 1567 745 1598 certantibus

322 1615 377 1647 Ad
402 1619 433 1646 te
459 1615 737 1647 conclamantibus

374 1664 497 1704 Quietis
525 1664 759 1699 umbraculum.

235 1748 298 1780 8a.
328 1747 441 1780 Portio
469 1748 510 1779 sit
539 1748 653 1779 Israeli

327 1798 391 1829 Per
419 1801 460 1837 te,
491 1797 592 1837 virgo,
620 1797 708 1828 Deus
736 1797 828 1834 caeli,

371 1846 422 1877 Ad
451 1855 544 1886 quein
571 1846 807 1889 suspiraveras,

235 1929 295 1962 9a.
325 1929 385 1962 Cui
415 1929 473 1961 das
500 1929 596 1962 modo
624 1930 718 1962 dulce
745 1930 845 1962 melos

323 1978 492 2010 Resonaus
518 1987 578 2019 per
605 1988 716 2010 omnes
739 1980 845 2011 caelos

371 2027 421 2060 Tu
448 2027 481 2058 in
507 2028 581 2060 aula
608 2028 708 2069 regia.

209 2110 252 2143 10
265 2119 293 2142 a.
325 2110 387 2142 Per
414 2114 445 2142 te
470 2111 580 2152 lapsos
608 2112 714 2152 erigit,

371 2160 493 2192 Sancta
521 2160 582 2192 Dei
610 2169 782 2203 puerpera,

321 2209 386 2242 Per
412 2213 445 2241 te
472 2219 571 2250 vagos
597 2210 721 2253 dirigit,

370 2258 437 2290 Per
462 2262 495 2290 te
521 2263 615 2291 sanat
642 2259 778 2291 vulnera

205 2343 247 2376 11
260 2352 290 2377 a.
320 2343 412 2384 Vale,
431 2346 531 2382 terra,
547 2351 630 2384 quae
646 2341 844 2374 frumentum

319 2390 464 2425 Protulit
492 2395 524 2424 et
551 2392 798 2433 nutrimentum,

318 2441 512 2474 Animarum
540 2440 776 2483 fulcimentum,

365 2492 465 2523 Porta
492 2491 578 2532 regis
605 2490 729 2531 pervia.

946 345 1003 379 lb.

944 524 1003 557 2b.

942 703 1000 736 3b.

941 883 1001 917 4b.

946 1207 1004 1240 5b.

942 1388 1002 1421 6b.

946 1567 1006 1600 7b.

943 1747 1003 1782 812.

941 1929 1001 1964 9b.

917 2111 1000 2144 1012.

916 2341 997 2374 11b.

1032 345 1096 377 Per
1122 348 1154 376 te
1179 343 1288 375 hostes
1315 351 1519 383 superamus,

1035 393 1234 433 Babylonem
1262 392 1486 423 conculcamus

1083 441 1147 482 Spe
1174 440 1323 472 caelestis
1350 440 1485 480 patriae.

1031 524 1170 555 Fructus
1197 523 1320 555 ventris
1346 523 1545 554 militantum

1031 572 1160 604 Merces
1175 576 1223 602 est
1238 576 1270 602 et
1282 572 1550 611 triumphantum,

1083 621 1191 661 Virgo,
1219 630 1313 660 quein
1341 630 1508 660 genucras.

1030 704 1117 742 Quae
1143 701 1302 742 superbos
1329 703 1502 741 aversaris,

1032 750 1176 784 Benedic
1203 760 1272 791 nos,
1299 751 1467 791 salutaris,

1082 801 1139 833 Pia
1165 804 1269 831 mater
1295 799 1434 839 gratiae.

1031 883 1137 924 Super
1162 882 1273 914 sedem
1301 883 1404 923 patris
1431 882 1480 913 sui

1032 933 1131 965 Sedet
1158 930 1283 962 fructus
1312 931 1433 962 ventris
1461 931 1518 973 tui,

1080 982 1168 1013 Arca
1196 980 1255 1011 Dei
1283 979 1409 1018 lucida,

1034 1029 1140 1068 Salve,
1169 1038 1263 1068 quani
1293 1038 1344 1058 ros
1372 1028 1511 1059 caelicus

1037 1078 1193 1109 Perunxit
1216 1077 1423 1116 intrinsecus,

1086 1126 1184 1164 Virga
1209 1125 1321 1156 Aaron
1349 1124 1476 1157 florida.

1033 1207 1083 1239 De
1110 1212 1153 1246 te,
1182 1207 1282 1247 virgo,
1312 1206 1447 1246 prodiit,

1031 1257 1092 1296 Qui
1121 1256 1319 1287 Pharaonem
1349 1254 1435 1286 feriit

1083 1304 1219 1336 Salvaus
1246 1313 1303 1334 nos
1331 1303 1371 1335 ab
1393 1303 1551 1334 hostibus.

1031 1389 1175 1420 Aureum
1203 1391 1238 1418 tu
1265 1386 1436 1422 luminare,

1031 1436 1084 1468 Sis
1112 1435 1281 1467 illustrans
1308 1440 1409 1467 totum
1438 1445 1525 1467 mare

1081 1486 1187 1516 Iustos
1215 1488 1247 1514 et
1273 1484 1430 1522 glorifica.

1033 1567 1077 1600 Ut
1105 1571 1156 1599 tus
1184 1570 1238 1598 tua
1267 1567 1395 1597 devotio

1032 1616 1198 1656 Fragrans
1226 1619 1255 1646 et
1284 1616 1398 1657 oratio,

1081 1665 1213 1706 Dirigas
1241 1664 1301 1695 hoc
1328 1665 1503 1698 sacculum.

1032 1748 1113 1780 Eius
1141 1747 1274 1788 spiritus
1300 1747 1441 1779 deducat

1032 1797 1099 1829 Nos
1125 1798 1165 1829 ad
1187 1796 1310 1827 coelum
1331 1801 1360 1827 et
1382 1797 1551 1840 perducat,

1078 1847 1114 1879 In
1144 1855 1206 1885 quo
1234 1855 1321 1885 spem
1353 1846 1524 1877 ‹letixeras

1029 1930 1134 1962 Mirus
1163 1928 1287 1968 dulcor,
1316 1938 1334 1960 o
1362 1929 1479 1965 Maria,

1029 1978 1132 2010 Nobis
1161 1977 1268 2017 datur,
1297 1982 1401 2008 mater
1429 1978 1493 2018 pia,

1078 2028 1149 2060 Tua
1176 2036 1215 2058 ex
1243 2027 1408 2058 memoria.

1031 2111 1119 2149 Vale,
1149 2109 1238 2140 sidus
1266 2108 1420 2150 siderum,

1077 2155 1204 2203 [Stella]
1233 2158 1332 2189 maris
1361 2157 1492 2197 diceris,

1028 2209 1076 2240 Tu
1104 2207 1230 2246 fulgore
1259 2215 1427 2238 muncrum

1078 2258 1144 2288 Iam
1173 2264 1326 2286 succurre
1354 2256 1492 2289 miseris,

1027 2340 1053 2372 O
1067 2347 1146 2380 prae
1161 2339 1286 2370 cunctis
1301 2339 1406 2370 lumen
1427 2348 1538 2372 carum

1029 2389 1122 2428 Quod
1150 2396 1169 2418 a
1193 2387 1260 2419 sole
1289 2387 1397 2419 differt
1424 2398 1538 2428 parum

1029 2438 1148 2470 Hostes
1178 2434 1254 2477 fuga
1280 2436 1499 2481 tenebrarum,

1077 2488 1178 2526 Quam
1216 2486 1402 2518 collaudant
1430 2488 1548 2521 omnia.

1542 2367 1550 2383 ἱ

1542 2416 1550 2432 2
