1654 2756
676 141 915 178 -29-

127 237 190 272 4³.
218 237 287 271 Nos
315 238 468 282 dignetur
494 241 660 285 exaudire,
835 241 894 277 4b.
922 240 968 275 Ut
993 249 1175 273 mereamur
1201 239 1243 272 ad
1269 238 1371 279 patri-

217 288 445 322 reconciliatos
471 290 514 322 ad
921 290 1074 330 monium,
1102 288 1196 320 nobis
1223 287 1347 320 Christi

218 339 400 370 extremum
425 338 581 370 iudicium
923 339 1079 379 sanguine
1105 337 1311 378 acquisitum,

217 385 330 418 venire
355 383 492 430 sic[que]
923 396 994 420 cum
1021 385 1203 419 benedictis

218 443 353 474 regnum
379 435 528 475 introire,
922 435 1103 477 gaudenter
1129 435 1248 467 redire.

198 501 283 528 Miss-
310 511 364 530 ms.
385 501 579 530 Hildesiense
601 510 678 530 saec.
703 499 747 530 13.
778 502 850 531 Cod.
873 501 968 538 Capit.
991 502 1144 530 Treviren.
1168 499 1231 529 153.
1254 517 1288 521 —-
1311 501 1383 528 Man
1404 499 1464 535 vgl.

119 538 168 567 die
191 539 328 577 Sequenz
352 541 513 576 „Angelo
535 539 807 569 annuntiante“
829 539 891 575 (Nr.
906 540 963 575 44).
987 540 1034 568 die
1056 549 1109 568 aus
1131 540 1183 567 der
1204 539 1340 576 gleichen
1355 539 1463 572 Quelle

121 578 182 606 und
214 578 464 607 wahrscheinlich
490 588 558 607 vom
584 578 722 616 gleichen
750 580 906 608 Verfasser
932 582 1065 612 stammt,
1099 588 1185 606 wenn
1211 578 1294 606 nicht
1322 579 1370 606 die
1398 579 1465 605 eine

121 616 258 654 Sequenz
279 617 327 645 die
348 618 480 654 Vorlage
501 618 554 646 der
575 618 705 646 anderen
726 619 830 647 bildet.

603 732 646 764 13.
677 731 720 763 De
740 734 854 764 sancta
879 733 984 764 cruce.

132 803 193 836 la.
220 803 352 836 Laudes
379 804 485 836 crucis
512 805 698 837 attollamus
796 804 855 839 lb.
884 805 974 837 Haec
998 809 1047 837 est
1073 804 1162 836 scala
1187 807 1406 845 peccatorum,

219 852 300 891 Nos,
337 854 392 894 qui
418 853 549 886 Christo
576 854 764 895 militamus,
883 855 1047 894 Perquam
1057 852 1461 895 Christus‚rexcaelorum‚

221 901 301 940 Nos,
329 902 383 942 qui
411 902 516 934 crucis
543 903 739 934 exsultamus
884 903 993 935 Morte
1020 902 1132 934 dolens
1159 901 1360 942 perditorum

272 948 415 989 Speciali
442 951 557 991 gloria.
934 952 987 984 Ad
1016 960 1050 982 se
1075 950 1178 983 traxit
1203 950 1320 982 omnia.

134 1027 197 1061 22.
225 1027 358 1067 Signum
386 1028 491 1060 crucis
517 1029 700 1070 adoremuS,
797 1028 857 1063 2b.
886 1030 1019 1062 Sursum
1047 1032 1170 1060 mentes
1197 1028 1368 1068 erigamus,

218 1075 383 1108 Crucifixo
408 1076 591 1119 iubilemus,
884 1078 1003 1118 Vitam,
1032 1085 1137 1109 mores
1165 1084 1411 1116 componamus,

221 1123 334 1156 Adfixi
362 1125 450 1156 cruci
476 1128 642 1165 portemus
883 1126 938 1159 Sic
964 1135 1023 1165 per
1050 1134 1177 1157 crucem
1205 1128 1407 1164 reportamus

296 1172 409 1205 Crucis
435 1173 680 1214 improperium.
958 1174 1063 1206 Vitam
1090 1178 1122 1204 et
1147 1173 1330 1215 imperium.

133 1251 193 1283 3a.
221 1252 304 1290 Ave,
333 1251 439 1283 crucis
467 1251 562 1284 dulce
588 1252 721 1293 lignum,
793 1251 854 1287 3b.
884 1252 1029 1285 Liberati
1056 1251 1178 1284 Christi
1205 1259 1300 1282 cruce

219 1301 302 1340 Ave,
328 1304 425 1333 cantu
452 1300 539 1332 dulci
566 1300 708 1341 dignum,
881 1301 935 1334 Sic
959 1309 1127 1333 curramus
1156 1299 1287 1333 Christo
1314 1299 1405 1339 duce,

219 1348 268 1380 Tu
293 1348 424 1381 salubre
449 1349 542 1381 nobis
568 1349 694 1390 signum
879 1351 926 1384 Ut
955 1349 1007 1381 det
1034 1350 1067 1381 in
1094 1348 1228 1389 perenni
1255 1348 1327 1379 luce

266 1397 311 1428 Et
336 1397 458 1439 angelis
478 1398 592 1438 gloria.
929 1398 1032 1431 Nobis
1063 1398 1148 1430 vitae
1174 1397 1305 1438 gaudia.

199 1464 283 1491 Miss.
313 1464 342 1491 S.
371 1465 495 1492 Martini
526 1465 652 1492 Maioris
680 1465 858 1493 Monasterii
889 1467 959 1502 imp.
986 1464 1157 1492 Turonibus
1189 1462 1271 1492 1508.
1300 1479 1335 1483 —
1364 1461 1418 1495 2b,
1447 1462 1464 1491 3

121 1506 316 1538 reportemus.
332 1518 369 1522 —
384 1503 514 1531 Melodie
537 1504 682 1531 offenbar:
704 1504 863 1532 Verbum
886 1505 1021 1532 bonum
1045 1508 1078 1531 et
1099 1512 1226 1537 suave;
1249 1503 1323 1530 auch
1340 1503 1463 1531 textlich

121 1543 162 1568 ist
186 1541 324 1569 letzterer
345 1542 480 1578 Sequenz
508 1543 658 1570 einzelnes
685 1543 827 1570 entlehnt.
870 1544 932 1571 Der
953 1544 1072 1579 Anfang
1093 1544 1251 1570 entnimmt
1271 1543 1319 1569 die
1341 1543 1464 1569 meisten

121 1580 295 1655 {geg-&ufer
323 1581 494 1609 bekannten
517 1582 652 1617 Sequenz
675 1582 786 1610 Adams
814 1591 840 1608 v,
865 1582 906 1610 St.
930 1583 1048 1615 Victor,
1078 1581 1124 1609 die
1154 1583 1208 1609 auf
1230 1581 1345 1617 gleiche
1364 1582 1465 1608 &Veise

542 1685 585 1717 14.
616 1686 652 1718 ln
673 1686 861 1719 inventione
883 1696 907 1718 s.
929 1687 1046 1718 crucis,

687 1760 718 1792 1.
746 1759 906 1801 Agedum,

130 1835 192 1869 2a.
219 1836 354 1868 Electus
379 1837 520 1877 populus
546 1842 578 1868 et
834 1837 895 1872 2b.
923 1838 1124 1870 innovantur
1150 1837 1268 1877 omnia,

220 1894 299 1926 gens
325 1889 449 1928 sancta,
478 1884 683 1927 frequentate
924 1886 1043 1918 cedunt
1070 1886 1161 1918 novis
1191 1891 1318 1928 vetera;

219 1933 365 1966 carmina
389 1943 492 1976 nova;
921 1935 991 1968 Deo
1017 1935 1149 1977 gratias

133 2012 193 2045 3³.
221 2013 306 2055 Agni
333 2013 454 2054 quippe
482 2013 606 2054 epulas,
835 2014 894 2049 ab.
922 2015 1020 2055 Signo
1044 2015 1149 2047 crucis
1176 2019 1309 2055 reparat

220 2069 302 2102 quae
328 2062 452 2102 primos
479 2067 667 2096 straverunt
922 2064 1159 2106 omnipotentia

218 2110 253 2143 in
279 2111 434 2150 paradiso
923 2113 1044 2146 Christi
1071 2112 1203 2145 Domini

222 2159 445 2202 tellurigenas‚
923 2167 1020 2202 atque
1046 2163 1161 2202 pietas.

127 2239 190 2272 48..
218 2239 244 2272 Ο
271 2246 362 2278 CruX,
388 2239 475 2271 omni
834 2240 896 2274 4b.
924 2241 1061 2281 Lignum
1088 2240 1185 2281 vitae,

218 2288 316 2320 laude
343 2288 459 2330 digna!
923 2289 1021 2322 arbor
1046 2291 1167 2330 sancta,

219 2337 245 2370 O
272 2346 362 2380 cruit,
391 2342 507 2371 cuncto
922 2339 1071 2371 Frondes
1097 2341 1172 2369 tuae

218 2386 307 2420 bono
335 2386 474 2420 donata!
923 2388 993 2419 sine
1020 2387 1215 2427 corruptela,

217 2435 243 2469 Ο
271 2444 362 2479 crux,
391 2436 482 2469 caelo
923 2436 1063 2468 Fructus
1090 2440 1163 2468 tuus

218 2484 426 2518 sublimanda
437 2486 443 2517 !
925 2484 1012 2518 salus
1040 2495 1127 2519 vera.
