1654 2756
136 237 203 269 22.

137 471 200 504 3a.

140 656 201 688 4a.

135 843 197 873 5a.

134 1027 196 1058 6a.

136 1212 198 1244 7³.

129 1638 190 1673 312,
227 1638 244 1666 2
274 1640 372 1676 plagis
401 1649 479 1676 quae
501 1641 620 1668 videtur
641 1641 678 1668 D.
701 1655 737 1659 —
761 1638 816 1671 ἵει,
845 1637 862 1666 2
886 1640 948 1667 Nos
971 1637 1044 1665 fehlt
1066 1638 1117 1665 ΒΕ
1154 1653 1185 1656 —
1211 1636 1265 1666 721,
1294 1636 1311 1663 :3

683 138 946 174 —169—

237 236 350 270 Trium
377 240 458 279 typo
485 235 702 270 fenestrarum

236 285 358 318 Mentis
389 286 498 318 lumen
525 287 631 328 signat
660 287 781 319 clarum

283 335 399 367 Turris
426 334 598 375 aedificio;

235 469 367 504 claudit
404 480 517 504 carcer
542 473 590 504 sic
615 470 782 515 afflictam,

239 519 305 552 Sed
331 529 396 552 non
423 520 536 561 solam,
564 520 612 553 sic
635 520 782 553 relictam

285 568 358 600 Rex
385 569 537 601 caelestis
564 569 694 608 visitat,

238 655 356 688 Sanam
385 659 481 696 pater
505 655 590 688 hanc
616 655 754 689 miratur

234 703 404 744 Iudioique
430 707 660 744 praesentatur

282 752 425 785 Evoluta
452 761 594 787 carcere.

235 839 332 873 Nuda
358 850 432 873 mox
459 842 652 882 exagitatur,

237 888 318 922 Usta
343 888 416 922 face
441 890 605 923 laceratur

283 938 405 971 Latera
432 942 464 970 et
486 938 598 972 ubera.

234 1025 365 1067 Martyr
390 1035 485 1059 sacra
511 1028 694 1060 decollatur

233 1076 423 1117 Impetrato‚
453 1076 538 1115 quod
565 1080 719 1116 precatur

283 1124 346 1155 Pro
372 1125 439 1155 suis
467 1124 658 1160 cultoribus,

235 1211 341 1251 Digna
368 1211 467 1243 laude
493 1212 695 1252 triumphali,

235 1259 303 1292 Nos
329 1270 348 1292 a
375 1264 478 1292 morte
503 1261 685 1303 gehennali,

281 1308 382 1349 Virgo
411 1308 539 1346 victrix,
567 1308 691 1350 libera;

844 238 908 272 2b.
936 239 1054 271 Nervis
1081 241 1175 280 pater
1201 238 1284 270 hanc
1311 241 1480 270 taurorum

940 287 1077 328 Caedit,
1117 287 1229 328 plagas
1269 286 1344 318 hinc
1386 295 1483 318 mem-

1156 336 1305 373 ,brorum

992 383 1154 417 Perfricat
1181 383 1296 417 cilicio.

843 474 862 505 3
879 473 908 506 b.
945 473 1028 505 Suae
1055 481 1192 512 sponsae
1219 472 1401 508 miseretur,

941 521 1064 553 Laesae
1091 521 1195 562 plagis
1222 521 1276 560 qui
1303 522 1463 554 medetur.

989 570 1120 609 Pugnae
1147 569 1232 600 vires
1258 570 1406 602 suscitat.

843 657 905 690 4h.
943 657 1044 689 Laeta
1071 656 1236 689 Christum
1264 656 1448 696 confitetur,

939 705 1053 738 Falsos
1082 705 1158 737 deos
1184 713 1244 737 nec
1271 708 1402 737 veretur

992 754 1101 786 Palam
1129 753 1336 785 maledicere.

843 846 861 875 5
874 843 903 874 b.
942 842 1103 874 Christum
1116 840 1484 880 sibituncpraesentem.

939 890 1056 923 Albam
1082 890 1198 922 stolam
1226 888 1440 925 deferentem,

988 939 1154 978 Conspicit
1181 947 1240 979 per
1265 947 1353 970 aera.

847 1029 908 1061 tib.
947 1028 1040 1058 Hanc
1067 1026 1208 1057 invitans
1236 1025 1455 1064 praestolatur

945 1075 1105 1113 Christus,
1117 1082 1268 1114 sponsam
1280 1073 1485 1112 amplexatur

986 1124 1159 1163 Apparens
1186 1122 1219 1153 in
1246 1121 1396 1155 nubibus.

841 1213 905 1245 7b.
941 1211 1020 1253 Fae,
1048 1214 1083 1241 ut
1111 1218 1232 1241 memor
1259 1209 1301 1240 sit
1328 1208 1483 1248 promissi

939 1259 1038 1291 Fides
1066 1258 1119 1297 pia
1148 1259 1220 1289 Iesu
1249 1257 1369 1289 Christi

991 1308 1109 1339 Nostra
1135 1315 1253 1338 sanans
1281 1306 1428 1338 vulnera.

214 1406 298 1432 Miss.
331 1414 384 1432 ms.
415 1408 444 1434 δὲ.
473 1407 628 1434 Cuniherti
660 1406 849 1434 coloniensis
887 1414 963 1431 saec.
997 1403 1038 1430 14.
1070 1404 1140 1430 Cod.
1173 1402 1391 1430 Darnistadien.
1419 1401 1485 1429 57⁴5.

133 1445 167 1471 A.
192 1459 226 1463 —
244 1444 333 1472 Miss.
358 1453 412 1472 ms.
427 1444 456 1471 S.
474 1446 587 1472 Mariae
604 1446 635 1472 in
651 1445 802 1481 Capitolio
822 1453 898 1471 saec.
916 1442 1008 1471 141‘15.
1027 1443 1097 1470 (jod.
1114 1445 1142 1469 S.
1159 1443 1273 1469 Mariae
1290 1444 1320 1468 i11
1336 1442 1487 1478 Capitoli«.

135 1484 292 1511 Colonien.
322 1494 344 1509 s
373 1493 399 1510 11.
425 1483 456 1511 Β.
483 1498 522 1502 —-
543 1483 632 1511 Grad.
662 1493 714 1511 ms.
739 1483 918 1511 coloniense
948 1491 1024 1509 saec.
1050 1481 1093 1509 15.
1117 1481 1187 1508 Cosl.
1212 1481 1308 1515 Capit.
1332 1481 1488 1507 Colonia-11.

132 1533 156 1549 s.
180 1531 208 1550 ιι.
231 1523 263 1550 C.
284 1537 322 1541 —
346 1520 435 1550 (irad.
460 1533 512 1550 ms.
535 1524 722 1558 Margaretae
743 1522 902 1550 Scheiffart
923 1521 958 1548 de
975 1520 1095 1548 Mei-ode
1119 1529 1195 1547 saec.
1222 1518 1263 1546 15.
1282 1519 1352 1546 Cod.
1370 1519 1489 1546 Musaei

133 1562 270 1597 Hungar.
313 1559 377 1589 259.
403 1563 436 1589 l).
472 1579 501 1582 —
531 1561 619 1589 Grad.
640 1570 691 1589 ms.
716 1563 745 1589 S.
769 1562 906 1589 Severini
929 1561 1119 1588 Coloniensis
1142 1560 1212 1586 anni
1240 1557 1321 1586 15:50.
1365 1558 1436 1585 Cod.
1459 1559 1488 1583 Η,

131 1600 271 1628 Severini
295 1600 450 1629 Colonien.
480 1611 502 1628 8.
532 1610 558 1628 n.
582 1600 617 1629 E.
641 1617 676 1621 —-
702 1600 760 1631 lb,
792 1601 804 1628 1
829 1602 913 1634 Quae
936 1598 1028 1631 ss(·E;
1058 1599 1165 1625 referta
1194 1601 1239 1625 est
1269 1598 1363 1625 electa
1388 1597 1423 1624 D.
1453 1613 1486 1616 ——

1334 1636 1487 1663 victrice111

129 1679 164 1706 Β.
189 1693 226 1698 --·
257 1677 316 1710 Tb,
345 1677 363 1707 2
392 1679 464 1707 Fide
493 1679 559 1711 BE,
591 1679 673 1707 Fidis
701 1680 738 1707 D.
760 1695 796 1699 —
827 1678 984 1714 Beigeffigt
1013 1686 1059 1704 am
1090 1676 1228 1703 Sumus—e
1256 1677 1285 1702 in
1310 1676 1351 1703 D:
1394 1675 1487 1702 Amen

128 1718 234 1746 dicant
261 1721 370 1746 omnia.
394 1733 430 1737 -—
461 1718 605 1746 Melodie:

129 1766 189 1785 von
211 1759 236 1785 A
260 1759 397 1794 besorgte
419 1759 491 1786 Rev.
515 1759 549 1784 il.
574 1758 612 1785 M.
635 1759 805 1786 Bannister.

129 2193 192 2225 2a.

129 2378 192 2412 32.

651 1718 854 1747 Maiestati
883 1719 1164 1745 sacrosanctae.
1188 1731 1222 1733 —
1248 1716 1304 1742 Die
1334 1714 1487 1742 K‹›llati011

579 1863 643 1894 180.
678 1862 720 1894 De
743 1865 857 1894 sancta
878 1861 1034 1893 Barbara.

605 1955 635 1988 1.
676 1955 760 1987 Laus
788 1954 857 1994 tibi,
886 1954 1027 1993 Christe,

670 2004 727 2044 qui
753 2012 787 2035 es
814 2007 976 2036 castorum

671 2053 795 2085 candor
820 2052 927 2085 nitens

667 2110 813 2142 pureque
840 2110 1026 2139 coruscans,

228 2191 297 2232 Quo
324 2191 445 2223 electas
473 2190 568 2231 plene

227 2250 265 2273 ac
291 2248 406 2272 serene

276 2288 456 2329 illuminas,

229 2378 317 2418 Quae
343 2378 500 2410 mundum
527 2385 605 2409 vere

233 2435 400 2468 sprevere,

282 2475 343 2508 tibi
368 2475 591 2508 adhaeserunt

843 2189 905 2222 2b.
945 2189 982 2220 ln
1011 2187 1142 2219 caelesti
1170 2186 1286 2218 throno

940 2237 1027 2269 dulci
1057 2244 1136 2267 sono

991 2285 1067 2318 dum
1096 2284 1218 2316 visitas.

844 2374 906 2408 3b.
944 2375 992 2406 Ac
1022 2371 1193 2404 furibundi

943 2427 1020 2455 tunc
1046 2421 1159 2453 muudi

993 2480 1076 2504 vana
1102 2473 1378 2512 contempserunt.
