1654 2756
665 110 931 146 -270—

136 215 196 247 6a.
227 213 253 246 O
279 213 360 245 mira
386 210 516 244 Domini
541 210 645 250 pietas
828 207 894 240 6b.
926 206 1024 239 Cuius
1049 204 1162 238 tumba
1186 213 1250 237 non
1275 202 1424 245 arborea,

232 260 446 300 Mirandaque
925 253 1112 286 Marmorea

279 309 341 341 viri
366 307 530 347 sanctitas,
974 299 1083 334 Deflet
1105 301 1228 334 oleum!

142 407 200 439 7a.
231 406 297 438 Iste
323 409 389 436 tres
416 403 586 443 litteratos,
831 400 849 432 7
865 398 895 432 b.
929 399 1026 431 Hunc
1052 397 1140 430 Deus
1167 396 1350 439 inspiravit,

232 453 284 486 Ab
310 452 438 492 hospite
461 454 603 491 necatos,
926 447 966 479 In
990 446 1112 479 mundo
1139 445 1316 487 decoravit,

232 502 261 534 A
286 504 389 533 morte
415 503 582 532 revocatos
926 495 977 527 Ita
1002 494 1201 537 mirificavit,

280 549 334 582 Ad
361 548 459 580 vitam
488 546 661 580 dedicavit.
976 543 1030 576 Sic
1055 541 1263 576 beatificavit.

139 647 202 680 8a.
236 644 376 679 Scolan‘s
402 644 518 684 contio,
832 640 896 675 8b.
928 639 1026 672 Cuius
1045 639 1244 682 precatibus,

281 693 413 726 concine
425 703 432 735 3
974 688 1122 731 Domine,

236 742 394 774 Sacerdos
926 737 1099 779 Rogamus,

281 791 396 831 diguus
424 794 472 821 est
499 787 649 828 carmine,
972 789 1007 816 ut
1032 794 1090 817 nos
1116 794 1135 816 a
1161 784 1294 816 crimine

693 885 725 917 9.
756 883 902 917 Liberes,

222 984 361 1017 Sequent.
382 990 436 1008 ms.
458 980 628 1008 Sedunense
651 987 727 1006 saec.
751 976 825 1006 ¹⁶l1e.
846 977 919 1006 Cod.
940 978 1030 1013 Capit
1051 976 1196 1004 Sedunen.
1218 985 1240 1003 s.
1263 984 1290 1002 n.
1315 989 1353 993 —
1374 972 1433 1007 3³,
1455 972 1473 1001 2

143 1021 294 1048 Mundum.
317 1035 352 1039 ——
375 1017 427 1052 3a,
449 1018 466 1046 3
488 1019 544 1046 Sed
567 1027 648 1055 puer.
663 1032 695 1037 —
713 1017 784 1044 Man
805 1016 921 1044 mochte
944 1015 1013 1042 eher
1033 1015 1172 1052 glauben,
1194 1013 1258 1041 dass
1281 1012 1473 1050 vorliegende

144 1059 296 1094 Dichtung
326 1060 390 1085 eine
412 1058 519 1085 Cautio
546 1054 607 1084 und
629 1065 705 1083 zwar
727 1056 775 1082 ein
799 1054 1020 1083 Scholaaenlied
1040 1054 1102 1087 (cfr.
1123 1052 1183 1085 Sa,
1213 1051 1239 1085 l)
1260 1053 1319 1084 sei,
1349 1051 1475 1088 sprfiche

144 1098 226 1125 nicht
247 1097 293 1124 die
315 1097 419 1130 Quelle
444 1097 490 1124 fiir
509 1095 565 1123 den
589 1094 756 1122 Charakter
776 1096 858 1121 einer
879 1094 1022 1129 Sequenz.

521 1227 586 1257 299.
628 1226 670 1256 De
692 1235 716 1257 s.
738 1224 863 1256 Nicolao
885 1222 1079 1264 Lincopensi.

144 1319 160 1349 1
179 1328 206 1351 a.
240 1316 426 1348 Sanctitatis
453 1316 633 1354 zelatorem,
836 1314 898 1349 1b.
931 1315 997 1346 Tus
1024 1313 1183 1347 Sabaeum
1209 1314 1369 1347 redolenti

244 1365 335 1397 Pium
361 1368 487 1404 patrem
510 1369 541 1396 et
566 1370 738 1405 pastorem,
931 1362 995 1394 Per
1021 1364 1171 1403 exempla
1199 1372 1275 1395 suae
1301 1363 1391 1403 genti

243 1412 411 1444 Nicolaum
439 1411 652 1444 confessorem
932 1410 1016 1442 Hinc
1043 1412 1191 1443 concinat
1219 1410 1410 1443 condecenti

288 1460 389 1492 Decet
416 1460 485 1492 laus
512 1461 677 1492 ecclesiae.
980 1458 1145 1491 Concentu
1171 1468 1249 1499 gens
1276 1458 1419 1490 Sueciae.

145 1559 204 1590 2a.
237 1556 331 1588 Nitor
357 1556 524 1596 virginalis
551 1557 636 1588 vitae
834 1555 896 1588 2b.
929 1555 1046 1587 Costae
1073 1556 1218 1594 quadrae
1243 1556 1450 1596 praepolitae

238 1604 284 1636 Te
312 1603 491 1636 conformat
515 1605 720 1645 margaritae,
931 1603 978 1635 Te
998 1612 1051 1635 cor
1073 1608 1223 1635 constant
1239 1604 1380 1644 quadrat
1402 1603 1476 1644 rite,

240 1652 315 1684 Sion
342 1652 550 1684 fundamento
574 1653 666 1695 sitae,
933 1651 1081 1692 Tangunt
1109 1651 1253 1684 Gotiales
1281 1652 1362 1684 sitae

336 1700 435 1733 Clara
460 1700 650 1734 relucentia.
981 1700 1063 1732 Prae
1089 1704 1179 1733 tanta
1207 1701 1400 1734 constantia.

144 1797 204 1829 3a.
236 1796 335 1836 Lapis
362 1802 466 1828 tersus
493 1797 710 1837 sapphyrinus
837 1795 899 1829 3b.
931 1795 1000 1828 Usu
1026 1795 1114 1828 subit
1139 1796 1329 1837 onychinus,

239 1845 377 1882 Antra,
405 1844 547 1887 adamas,
576 1844 719 1884 rubinus,
933 1844 1204 1884 chrysoprassus,
1236 1846 1475 1889 smaragdinus,

240 1893 356 1932 Iaspis,
383 1893 526 1935 turchus,
554 1894 719 1933 topasinus
933 1892 1084 1934 Berillus‚
1113 1893 1221 1936 sardO,
1250 1894 1383 1927 verinus

287 1941 334 1971 Te
358 1940 529 1981 designant
553 1941 673 1982 typice.
982 1941 1183 1974 Decorantes
1210 1943 1357 1983 mystice.

143 2038 205 2070 4a.
237 2039 322 2070 Prae
348 2037 483 2077 collegio
510 2037 664 2069 virtutum
837 2036 900 2070 4b.
935 2036 1075 2070 Sulcatis
1102 2040 1187 2071 curis
1214 2039 1386 2072 mundanis

242 2085 385 2125 Torques
412 2094 572 2125 aureaque
598 2090 724 2117 scutum
934 2087 972 2119 In
998 2091 1045 2118 tot
1070 2085 1222 2119 fluctibus
1248 2087 1396 2128 profanis

244 2133 317 2165 Tibi
345 2133 463 2165 cedunt
489 2134 664 2166 resolutum
933 2133 1013 2175 Fac,
1041 2135 1204 2168 salvemur
1228 2147 1248 2168 a
1274 2137 1449 2179 Scyllanis,

290 2181 340 2213 Ex
367 2181 519 2214 virtutum
547 2182 667 2215 debito.
985 2183 1030 2216 Ut
1056 2188 1221 2216 cantemus
1247 2184 1398 2219 Domino.

148 2278 210 2309 5a.
242 2277 380 2317 Lingua,
407 2279 506 2319 visus,
531 2280 630 2320 auris,
656 2283 761 2312 tactus
841 2278 905 2313 5b.
936 2279 1022 2320 coge
1061 2288 1192 2320 gregem
1216 2289 1276 2313 nos
1302 2282 1480 2325 tantillum,

244 2326 298 2358 Ad
314 2326 530 2360 membrorum
548 2331 595 2360 tot
614 2327 780 2362 anfractus
937 2328 1065 2372 Pastor,
1092 2327 1215 2360 laesum
1241 2338 1279 2361 ac
1305 2330 1463 2370 pusillum

244 2373 347 2406 Miros
373 2378 444 2407 tuos
471 2379 601 2416 stupent
628 2381 719 2410 actus
937 2375 1108 2409 Pastorale
1133 2376 1193 2410 sub
1219 2377 1375 2410 vexillum

295 2421 484 2457 Sanctitatis
510 2434 655 2460 numero,
988 2424 1213 2466 Replicantem
1241 2426 1358 2461 denuo.
