1654 2756
721 152 984 188 —163-

614 243 672 276 173.
706 245 748 276 De
770 247 880 278 sancto
903 247 1101 288 Apollinare.

184 314 246 348 la.
288 313 476 348 Laudemus
502 317 736 359 Agollinarem,
896 319 954 355 lb,
993 321 1192 352 lucundetur
1222 320 1315 362 plebs
1343 321 1531 359 Ravennae,

283 362 470 397 Sanctitate
496 366 703 410 singularem,
992 369 1050 401 Cui
1079 370 1176 401 decus
1205 371 1258 402 dat
1287 378 1427 410 perenne

335 413 546 446 Praeclarum
572 416 757 458 miraculis3
1041 419 1113 449 Vita
1141 420 1222 450 tanti
1251 419 1420 458 praesulis.

186 501 247 533 2a.
289 500 730 542 UrbsRavennae‚gaudens
742 502 855 545 gaude,
893 503 955 539 2b.
990 505 1064 537 Pari
1094 514 1180 543 voce,
1210 506 1281 546 pari
1310 511 1392 547 voto,

287 547 403 581 Lauda
431 551 532 581 virum
562 550 694 590 dignum
713 551 830 593 laude3
991 553 1073 586 Tota
1098 554 1196 586 simul
1224 558 1255 586 et
1283 563 1321 586 ex
1349 558 1416 587 toto

335 597 508 630 Collaudet
534 599 673 630 ecclesia
1037 602 1199 635 Concordi
1225 603 1359 635 laetitia.

185 684 250 716 3a.
287 683 397 716 Bonus
423 684 541 724 hospes
568 685 659 725 signo
688 686 793 718 crucis
891 687 954 721 3b.
992 688 1086 721 Plera
1113 689 1207 721 simul
1234 693 1264 721 et
1292 695 1442 730 parentes

284 731 408 764 Reddit
434 742 527 764 usum
555 742 668 766 cassae
695 735 776 767 lucis
992 736 1077 769 Proli
1105 746 1181 770 suae
1209 738 1448 778 congaudentes

332 781 495 814 Herenaei
524 782 608 824 fili03
1039 785 1167 819 Baiulat
1192 787 1225 817 in
1251 785 1361 819 fluvio.

185 869 248 902 411.
286 867 445 900 Theclam
471 873 566 901 sanat
591 880 611 901 a
635 871 799 912 languore,
891 873 955 907 4b.
991 872 1071 904 Sunt
1098 878 1130 904 et
1156 873 1267 913 plures
1296 874 1453 913 baptizati

283 916 399 949 Virum
427 919 554 950 solvens
582 919 622 950 ab
650 927 760 951 errore
989 922 1120 954 Manum
1149 923 1264 954 dantes
1295 922 1423 954 veritati

334 968 413 997 (um
441 970 510 998 tota
537 966 679 1007 familia;
1040 971 1115 1001 Visa
1143 970 1265 1004 Christi
1295 972 1408 1010 gratia.

187 1056 248 1084 521.
289 1052 433 1093 Reliquit
459 1054 560 1085 hostis
586 1053 704 1094 impius
890 1056 953 1089 5b.
991 1056 1141 1088 Exsultat
1170 1055 1361 1087 Bonifatius,

335 1101 494 1139 Puellam,
510 1110 602 1141 quam
619 1103 826 1143 possederat3
1035 1104 1116 1142 Quia
1145 1113 1252 1135 vocem
1282 1109 1466 1144 recuperat.

187 1190 248 1221 (3a.
287 1188 402 1220 Senem
430 1196 557 1220 caesum
585 1187 725 1219 fustibus
889 1189 951 1223 6b.
978 1190 1051 1222 Rufi
1080 1189 1207 1221 domuin
1238 1190 1345 1221 visitat

284 1235 410 1268 Sistunt
436 1236 532 1268 nudis
559 1236 699 1276 pedibus
986 1237 1188 1278 Unicamque
1216 1238 1351 1269 suscitat

332 1284 437 1326 Super
462 1294 584 1325 prunas
610 1285 712 1324 impii.
1034 1286 1152 1318 Filiam
1181 1286 1321 1326 patricii.

188 1374 248 1406 711.
287 1371 391 1405 Rufus
419 1373 534 1415 credit,
562 1381 655 1406 error
681 1374 779 1413 cedit,
891 1374 954 1407 7b.
991 1374 1066 1406 Post
1095 1373 1238 1406 furorem
1266 1373 1433 1405 Saturnini

286 1420 393 1453 Multa
420 1422 505 1461 patri
532 1421 625 1462 plebs
652 1422 785 1455 oboedit
990 1422 1119 1464 Martyr
1145 1421 1271 1463 perfert
1300 1423 1469 1454 Messalini

334 1470 526 1510 Reprobaus
553 1471 742 1513 sculptilia·7
1037 1471 1174 1504 Diversa
1199 1471 1373 1512 supplicia.

180 1559 246 1591 Sa.
281 1558 423 1598 Lepram
449 1559 570 1601 cordis,
598 1559 722 1599 lepram
746 1560 828 1591 cutis
888 1558 953 1593 Sb.
992 1558 1098 1600 Caeci,
1127 1558 1248 1597 claudi,
1277 1558 1381 1597 surdi,
1408 1558 1499 1599 muti,

285 1607 391 1639 Verbo
419 1611 510 1639 curat
537 1608 588 1639 liic
616 1607 747 1647 salutis3
987 1608 1052 1647 Spe
1079 1607 1192 1639 salutis
1221 1607 1380 1648 destituti,

283 1656 431 1695 Quantae
456 1655 538 1688 fides
567 1656 609 1688 sit
635 1656 776 1697 viantis,
987 1657 1140 1688 Restitnti
1167 1660 1242 1688 sunt
1270 1656 1367 1687 saluti

327 1705 538 1737 Attestantur
563 1714 680 1745 opera:
1036 1706 1136 1737 Prece
1163 1703 1346 1739 salutifera.

178 1796 239 1826 Sa.
281 1793 360 1826 Post
378 1796 427 1824 tot
445 1793 570 1834 plagas,
591 1798 663 1833 post
679 1797 724 1826 tot
740 1794 823 1826 ictus
887 1793 950 1828 9b.
987 1795 1056 1826 Iam
1084 1802 1284 1833 conregnans
1306 1802 1429 1825 summo
1448 1794 1526 1833 regi,

280 1841 462 1874 Semivivus
489 1845 538 1873 est
566 1842 709 1884 relictus,
986 1842 1043 1875 Pie
1068 1845 1190 1882 pastor,
1220 1851 1320 1882 parce
1346 1843 1447 1883 gregi,

329 1890 540 1932 Tandemque
568 1890 621 1923 die
648 1892 787 1932 septima
1010 1891 1059 1922 Ne
1087 1890 1149 1922 sibi
1176 1900 1234 1922 nos
1261 1890 1451 1930 incorporet

329 1939 454 1971 Victrix
481 1939 643 1972 abscessit
668 1941 787 1973 anima.
1009 1939 1076 1971 Leo
1090 1948 1259 1982 quaerenS,
1279 1949 1373 1979 quem
1386 1940 1533 1972 devoret.

257 2015 398 2052 Sequent.
435 2025 488 2043 ms.
524 2017 754 2045 Ravennatense
790 2019 862 2045 anni
897 2014 1059 2044 1585-87.
1092 2016 1163 2043 Cod.
1196 2015 1329 2042 Classen.
1362 2013 1419 2044 360
1451 2016 1532 2045 (139.

174 2054 204 2083 5,
238 2055 278 2088 S).
311 2069 348 2074 —
384 2054 442 2087 lb,
476 2054 495 2083 3
528 2054 668 2083 Inclitum
700 2057 786 2083 tanti.
818 2070 856 2076 —
888 2054 946 2088 7b,
982 2054 1000 2082 2
1032 2055 1167 2091 praefert.
1201 2070 1236 2073 ψ
1267 2053 1324 2085 9b,
1362 2053 1374 2081 l
1407 2056 1531 2092 Ianique

176 2103 316 2131 regnans.
335 2111 371 2114 —
387 2094 445 2122 Cfr.
462 2094 595 2127 Gautier,
612 2094 657 2122 ed.
672 2095 739 2130 111.‚
756 2105 783 2131 p.
797 2093 867 2129 251;
885 2104 916 2122 er
930 2095 1030 2121 citiert
1044 2094 1101 2121 den
1116 2094 1262 2130 Anfang
1277 2093 1376 2121 dieser
1394 2095 1529 2130 Sequenz

177 2135 232 2162 mit
252 2134 321 2162 dem
343 2134 467 2161 Zusatz:
493 2141 586 2169 „nous
610 2131 677 2161 n’en
701 2133 865 2170 possedons
887 2142 941 2170 pas
963 2134 991 2161 le
1015 2136 1107 2160 texte.
1148 2133 1336 2160 Attribution
1357 2132 1528 2162 douteuzest

175 2173 284 2201 Beides
309 2176 350 2201 ist
371 2173 494 2201 hiermit
515 2172 666 2209 hinffillig,
687 2173 726 2200 da
742 2173 776 2209 ja
797 2172 874 2201 auch
889 2181 943 2201 aus
962 2172 1029 2200 dem
1042 2172 1136 2199 Texte
1151 2171 1333 2203 ersiehtlich‚
1355 2172 1420 2199 dass
1435 2173 1534 2201 Adam

175 2222 235 2241 von
259 2213 302 2241 St.
328 2212 433 2241 Victor
454 2211 579 2240 sicher
601 2212 684 2239 nicht
704 2213 749 2241 als
770 2213 866 2240 Autor
888 2213 918 2240 in
940 2212 1036 2248 Frage
1059 2210 1196 2238 kommen
1219 2210 1310 2238 kann.

623 2307 685 2339 174.
719 2308 760 2340 De
781 2308 891 2339 sancto
914 2305 1105 2347 Augustino.

177 2384 238 2418 la.
277 2380 370 2413 Tnba
396 2381 527 2423 clangat
553 2382 657 2413 nostri
685 2380 787 2423 ducis,
892 2380 952 2413 lb.
991 2379 1058 2412 Nos
1082 2379 1125 2412 ad
1152 2388 1292 2421 pugnam
1320 2383 1514 2421 coartemur,

278 2429 457 2463 Induamus
485 2439 578 2464 arma.
602 2429 685 2462 lucis
988 2429 1072 2461 Dum
1098 2432 1249 2470 potenter
1277 2429 1378 2470 cingis
1405 2428 1512 2464 femur

327 2477 372 2510 Et
397 2481 519 2511 stemus
545 2479 579 2512 in
605 2478 743 2520 proelio.
1037 2476 1185 2518 Spiritali
1210 2477 1332 2519 gladio⁷

1300 2534 1357 2564 11*
