1654 2756
719 191 763 195 -
816 169 887 204 223

210 268 272 301 5a.
307 265 356 299 Ne
383 265 512 300 futurus
539 267 597 300 hos
625 267 772 302 defectus

306 314 463 358 Frangat,
491 315 629 350 hominis
653 317 827 359 despectus

359 362 404 395 Et
429 365 544 398 mortis
571 366 742 408 opprobia,

210 451 272 490 ca.
306 451 392 484 Hinc
418 452 451 484 in
478 451 558 484 fines
583 453 676 486 vadit
700 454 790 486 orbis

310 500 458 541 lacobus,
484 505 522 532 ut
547 500 633 534 ferat
657 503 780 535 morbis

360 548 539 582 Criminum
566 551 722 583 remedia.

213 636 230 668 7
242 646 272 670 a.
307 636 393 675 Quos
409 636 603 669 convincens
615 637 746 671 Christo
757 639 827 670 iun-

655 687 712 727 git,

312 732 516 766 Paenitentia
542 735 694 776 perungit

360 782 485 814 Horum
514 783 590 815 dum
616 784 829 825 praecordia,

213 870 275 903 8a.
309 870 414 902 Israel
441 871 465 902 it
492 871 709 912 contemplari

309 917 433 952 Christi
459 919 595 962 vultum,
622 922 741 953 sociari

361 968 421 1000 Cui
447 969 593 1008 mereris,
619 969 720 1010 losia3

215 1056 275 1089 9a.
308 1057 393 1094 Quos
420 1054 559 1088 Iudaeos
586 1065 649 1087 non
676 1056 809 1096 Iudaea,

316 1102 395 1144 Sed,
421 1107 607 1136 sanctorum
626 1112 699 1135 cum
717 1105 759 1136 sit
776 1113 833 1137 rea

365 1151 550 1193 Sanguinis,
579 1153 745 1192 Aegyptia

192 1239 236 1270 10
250 1248 279 1270 a.
311 1238 453 1278 Quorum
481 1247 587 1281 prece,
616 1239 689 1270 Iesu
717 1239 810 1280 bone,

314 1285 386 1319 Duc
414 1287 514 1319 vitato
542 1287 712 1319 Pharaone

362 1335 479 1368 Mundi
507 1344 567 1375 per
592 1336 673 1368 haec
699 1336 807 1377 invia3

912 268 975 303 5b.
1007 259 1171 302 Illustrari
1196 274 1393 307 meruerunt,

1011 318 1100 352 Caeli
1135 327 1243 360 regem
1272 319 1347 350 dum
1374 317 1527 349 viderunt

1060 368 1096 399 In
1124 367 1250 399 decoris
1276 368 1389 408 gloria.

914 453 979 488 6b.
1012 455 1048 486 In
1075 455 1198 487 Iudaea
1225 454 1357 486 verbum
1385 453 1447 485 Dei

1011 503 1072 543 Qui
1099 503 1174 534 dum
1201 503 1337 545 spargit,
1366 502 1474 535 obstat
1498 503 1527 534 ei

1024 579 1030 583 .
1060 551 1229 591 Magorum
1257 553 1410 583 versutia.

918 637 980 672 7b.
1017 639 1119 670 Hoste
1146 639 1276 670 tandem
1303 638 1514 678 supplautato

1011 687 1055 718 Et
1082 696 1151 717 cum
1179 686 1248 718 Deo
1275 687 1449 718 colluctato

1062 737 1126 768 Per
1154 734 1250 767 Iacob
1278 735 1311 766 in
1338 735 1398 767 hac
1425 735 1487 767 via.

917 870 978 904 81).
1011 871 1117 903 Edon]
1140 871 1277 912 pridem,
1308 871 1365 902 sed
1385 871 1447 902 iani
1467 871 1532 903 vita

1014 920 1161 952 Mutatus
1187 919 1348 961 Israelita,

1065 968 1153 1000 Esau
1182 969 1285 1000 vitans
1312 968 1398 1000 odia.

915 1055 979 1089 9b.
1012 1055 1115 1095 Fugat
1149 1055 1189 1086 ab
1217 1056 1277 1086 hoc
1304 1055 1414 1086 mundi
1443 1054 1534 1089 mari,

1019 1104 1113 1135 lubet
1138 1104 1250 1134 ambos
1277 1103 1434 1135 decoliari

1066 1151 1206 1183 Herodis
1233 1152 1378 1183 saevitia.

896 1239 940 1273 10
952 1238 984 1271 b.
1018 1239 1084 1270 Nos
1111 1247 1182 1268 cuin
1211 1239 1332 1269 Israele
1360 1238 1440 1268 mari

1018 1286 1171 1318 Transito
1198 1285 1251 1318 fac
1277 1286 1403 1326 epulari

1068 1335 1135 1367 Mel
1163 1340 1193 1366 et
1221 1336 1273 1367 lac
1298 1335 1331 1366 ill
1359 1335 1476 1374 patria.

270 1421 404 1449 Oration.
435 1426 465 1450 et
485 1422 626 1458 sequent.
656 1430 709 1450 ms.
733 1423 900 1460 Campense
927 1424 998 1451 anni
1021 1420 1105 1448 14032.
1129 1421 1200 1448 Cod.
1227 1421 1449 1448 Darnistadien.
1475 1418 1541 1447 521.

191 1460 225 1486 A.
255 1477 291 1480 —-
321 1459 412 1488 Grad.
441 1470 495 1488 ms.
518 1462 680 1489 Sanctense
709 1471 786 1491 saec,
818 1462 863 1491 15.
891 1472 935 1490 ex.
958 1462 1029 1489 Cod.
1053 1460 1149 1495 Capit.
1171 1462 1310 1487 sanctem.
1340 1468 1362 1487 s.
1392 1469 1418 1485 n.
1444 1460 1476 1486 B.
1505 1475 1538 1477 —

193 1497 245 1531 21),
261 1498 279 1527 3
295 1497 387 1527 saltat
402 1500 439 1527 A.
458 1515 490 1519 —-
507 1499 560 1528 5a.
578 1499 591 1528 1
615 1502 657 1528 Re
677 1502 710 1528 A.
723 1517 759 1520 —
771 1501 825 1535 5a,
841 1500 858 1529 2
874 1504 1013 1538 aspectus
1025 1501 1058 1527 A.
1073 1513 1109 1518 «-
1125 1500 1177 1530 83,
1197 1498 1209 1526 1
1223 1498 1327 1526 Israeli
1343 1497 1539 1534 contemplari

191 1538 224 1564 B.
247 1552 284 1557 —
306 1537 360 1571 9a,
385 1537 399 1566 1
424 1540 504 1573 Quos
527 1540 639 1567 Iudaea
661 1541 694 1567 B.
717 1556 754 1560 —
775 1541 920 1569 Melodie:
943 1539 1147 1566 Maiestati
1171 1541 1459 1565 sacrosanctae.

593 1643 659 1675 246.
704 1645 746 1677 De
768 1647 878 1678 sancto
900 1644 1011 1677 Iacobo
1034 1642 1163 1674 Maiore.

220 1726 278 1758 la.
314 1726 352 1758 In
381 1730 495 1758 senatu
522 1730 587 1768 tuo,
618 1727 760 1769 Christe,

318 1773 473 1807 Iohannis
500 1776 720 1818 evangelistae

363 1822 484 1856 Frater
511 1825 616 1857 dulcis
644 1825 780 1867 emicat3

220 1912 281 1945 2a.
315 1913 382 1944 Iste
409 1912 581 1945 Zebedaeo
608 1917 713 1953 natus,

316 1962 346 1993 A
373 1964 406 1992 te
433 1961 474 1993 de
500 1962 574 1994 navi
603 1967 747 2003 vocatus,

363 2009 411 2041 Te
435 2014 566 2042 secutus
595 2011 769 2044 Dominum

223 2099 285 2131 33.
319 2097 383 2131 Hic
409 2101 442 2129 te
468 2098 552 2130 vidit
576 2098 807 2133 transformari

320 2146 409 2180 Bibit
436 2151 469 2180 et
495 2147 581 2179 idem
611 2149 773 2189 praeclari

370 2196 430 2228 Tui
458 2197 587 2238 poclum
615 2197 747 2241 calicis,

218 2286 282 2319 4a.
317 2284 373 2318 Pie
399 2288 476 2318 nate
501 2285 675 2328 Zebedaei,

323 2333 454 2373 Iacobe,
484 2338 620 2375 cognate
647 2334 720 2374 Dei,

373 2382 476 2415 Nobis
503 2385 586 2415 assis
617 2383 756 2425 iugiter3

928 1726 990 1760 lb.
1023 1726 1060 1758 In
1086 1726 1198 1757 electis
1223 1725 1397 1765 primitivis

1026 1775 1088 1806 Hic
1115 1775 1237 1806 electus
1265 1779 1337 1805 tuus
1366 1773 1444 1804 civis

1073 1823 1210 1856 Iacobus
1238 1828 1269 1853 te
1296 1822 1476 1862 praedicat

927 1912 990 1946 2b.
1023 1913 1108 1944 Vere
1137 1911 1242 1943 factus
1270 1911 1510 1951 supplantator,

1024 1962 1243 1993 Terrenarum
1271 1960 1492 1991 conculcator.

1075 2009 1129 2041 Fit
1156 2010 1301 2049 piscator
1328 2008 1507 2041 hominum,

926 2098 988 2133 3b.
1022 2097 1215 2129 Victimatus
1244 2104 1319 2126 cnse
1347 2095 1479 2137 cadens,

1024 2147 1175 2178 Fratrum
1187 2146 1310 2185 primus
1320 2144 1361 2175 ad
1371 2149 1401 2176 te
1410 2144 1545 2182 vadens,

1079 2196 1258 2228 Consessor
1285 2192 1319 2224 fit
1347 2192 1476 2226 iudicis.

931 2283 993 2318 4b.
1027 2282 1094 2314 Fac
1126 2290 1183 2312 nos
1211 2281 1365 2312 mundum
1393 2280 1549 2320 supplan-

1350 2334 1430 2370 tare,

1030 2379 1160 2419 Iacobe,
1188 2378 1241 2410 fac
1268 2387 1469 2419 conregnare

1080 2427 1148 2461 Nos
1174 2428 1304 2460 Christo
1332 2427 1532 2467 perenniter.

280 2517 366 2546 Miss.
389 2527 442 2545 ms.
464 2519 495 2548 S.
515 2519 601 2547 Petri
623 2516 814 2548 Erfordensis
836 2525 916 2547 saec.
941 2515 985 2546 15.
1008 2517 1070 2545 Cod
1092 2515 1260 2543 Londinen.
1281 2515 1356 2542 Add.
1383 2513 1418 2543 10
1427 2513 1493 2543 925.
