1654 2756
810 172 880 206 264

255 271 344 299 Grad.
366 279 418 298 ms,
441 270 613 298 Sedunense
635 277 713 297 saec.
738 266 780 296 13.
804 267 873 296 Cod.
898 269 993 304 Capit.
1017 266 1166 295 Sedunen.
1187 274 1214 293 s.
1232 274 1260 292 n.
1277 264 1311 292 Α.
1328 279 1365 283 -
1380 263 1511 301 sequent

173 319 226 337 ms.
254 310 424 337 Sedunense
452 317 528 336 saec.
560 306 631 335 ¹⁸!14.
658 307 729 336 eod.
758 308 855 344 Capit.
883 307 1030 334 Sedunen.
1056 315 1077 333 s.
1107 314 1136 332 n.
1164 306 1195 333 B.
1228 319 1265 324 —
1287 304 1428 340 Sequent.
1455 311 1509 329 ms·

175 349 346 376 Sedunense
369 357 445 376 ⁴saec.
470 346 504 375 14
525 351 553 375 et
578 345 620 374 15.
643 346 713 375 Cod.
737 346 833 382 Capit.
856 346 1002 374 Sedunen.
1024 355 1047 373 s.
1069 354 1097 372 n.
1119 344 1150 372 C.
1171 359 1209 363 —

175 552 234 585 la.

171 735 231 768 2a.

170 919 229 950 3a.

172 1245 232 1277 4a.

171 1427 230 1459 52.

168 1608 228 1640 6a.

168 1790 228 1823 7³.

168 2120 227 2153 8a.

561 470 628 502 293.
671 470 713 502 De
735 479 760 502 s.
783 469 932 502 Mauritio
957 471 989 501 et
1010 468 1118 501 Sociis.

268 553 390 592 Pangat
418 552 493 584 Sion
521 552 615 583 dulce
641 552 752 594 melos,

269 600 354 632 Voce
380 600 464 633 laeta
490 601 597 641 pulset
623 601 730 632 caelos

316 649 352 680 In
379 652 469 681 tanta
495 649 638 687 laetitia3

264 735 340 766 Ritu
367 744 424 767 suo
451 736 515 767 dux
543 734 698 776 profanus

267 783 367 815 idolis
394 784 610 816 Maximianus

316 831 413 863 Parat
439 832 618 870 sacrificia,

261 917 305 949 Ut
333 917 394 949 diis
420 918 590 955 sacrificet,

314 965 397 1004 legio
424 970 575 1007 vocatur,

269 1013 329 1044 Illa
358 1013 460 1045 Deum
488 1014 643 1046 confitens

317 1061 394 1092 deos
423 1063 614 1099 detestatur.

265 1110 370 1148 Quare
396 1109 445 1141 bis
470 1111 503 1142 in
530 1110 638 1150 gladio

315 1161 381 1188 tota
409 1159 600 1191 decimatur.

265 1243 349 1282 Lupi
377 1242 466 1275 furor
489 1243 715 1283 inflammatur,

269 1291 389 1323 Christi
415 1301 492 1332 grex
520 1292 716 1324 dilaceratur

316 1340 488 1380 Promptus
514 1340 555 1372 ad
582 1341 753 1380 supplicia.

263 1425 401 1467 Cadunt,
430 1427 487 1458 sed
514 1426 603 1458 felici
628 1432 725 1467 sorte,

266 1474 348 1505 Nam
373 1479 534 1506 mercatur
560 1475 657 1506 vitam
685 1480 787 1507 morte

313 1522 406 1553 Felix
434 1523 600 1562 patientia.

261 1608 372 1646 Terra,
402 1610 525 1642 caelum
553 1610 721 1651 hilaretur,

265 1657 343 1689 Cum
370 1661 542 1698 utrumque
567 1658 770 1698 praeditetur

311 1704 493 1746 Martyrum
521 1707 722 1746 praesentia;

260 1790 320 1821 Tot
348 1800 461 1823 cruore
487 1798 665 1832 martyrum

311 1844 439 1878 pratum
466 1844 675 1882 purpuratur,

263 1886 454 1926 Perpetrato
481 1889 603 1920 scelere

311 1945 411 1975 prava
439 1946 515 1977 gens
541 1937 691 1979 laetatur,

262 1983 315 2015 Ad
345 1985 433 2017 cuius
460 1985 607 2017 convivia

310 2032 424 2065 Victor
450 2033 615 2066 invitatur.

260 2119 373 2151 Victor
399 2120 505 2152 dictus
531 2131 550 2153 a
578 2119 735 2153 vincendo

312 2167 434 2201 Nomen
459 2169 577 2209 probat
602 2168 738 2206 actibus,

265 2216 405 2248 Vincens
433 2218 517 2249 enim
543 2217 710 2249 moriendo

312 2265 416 2297 Victis
441 2266 561 2306 gaudet
587 2265 733 2298 hostibus

263 2312 306 2345 Et
336 2318 466 2347 terrena
491 2314 725 2347 contemnendo

311 2367 424 2402 regnat
450 2364 482 2395 in
508 2363 712 2396 caelestibus.

871 551 932 585 lb.

964 551 1035 583 Vox
1070 560 1090 583 a
1116 550 1214 582 corde
1240 558 1304 581 nou
1331 546 1507 588 discordet,

967 599 1031 632 Sed
1067 608 1124 631 cor
1150 598 1220 631 voci
1246 598 1294 629 sic
1320 595 1507 637 concordet,

1013 647 1058 681 Ut
1085 648 1150 679 sint
1176 645 1397 678 consonantia.

868 734 929 768 2b.
961 734 1026 767 Sed
1052 734 1136 774 legio
1163 733 1339 765 christiana

869 918 932 951 3b.

870 1244 932 1277 4b.

869 1427 931 1461 5b.

867 1611 930 1644 6b.

868 1793 930 1826 7b.

964 783 1065 815 Sacra
1089 780 1209 814 transit
1234 784 1299 813 tam
1327 778 1475 820 profana,

1013 830 1092 862 Tam
1119 829 1342 862 exsecrabilia.

965 917 1035 948 Viri
1066 916 1167 949 fortes
1191 916 1297 948 animo

1013 968 1162 997 constant
1188 963 1327 1006 fortiori,

966 1014 1034 1045 Nec
1060 1013 1110 1045 his
1137 1012 1320 1051 decimatio,

1013 1062 1088 1094 talis
1115 1065 1165 1093 est
1190 1061 1311 1102 timori,

966 1112 1068 1143 Immo
1095 1114 1227 1141 censent
1253 1109 1362 1140 vivere

1014 1157 1068 1190 Sic
1093 1167 1152 1197 pro
1181 1157 1311 1189 Christo
1337 1156 1430 1189 mori.

964 1245 1052 1285 Ergo
1078 1243 1166 1275 ferro
1192 1243 1351 1275 saevienti

965 1293 1138 1333 Sexaginta
1165 1301 1221 1323 sex
1249 1291 1394 1323 sexcenti

1013 1341 1142 1374 Cadunt
1167 1345 1199 1371 et
1225 1349 1282 1371 sex
1309 1339 1407 1373 milia.

965 1427 1066 1466 Quam
1086 1426 1177 1465 felix,
1197 1428 1252 1468 qui
1271 1428 1318 1459 sic
1336 1428 1515 1462 mercatur,

966 1476 1024 1507 Cui
1052 1485 1110 1515 pro
1136 1480 1240 1507 morte
1267 1476 1335 1507 vita
1365 1474 1474 1512 datur,

1014 1525 1090 1556 Vita
1116 1525 1229 1556 mortis
1256 1523 1379 1556 nescia.

962 1611 1084 1642 Terrae
1116 1610 1260 1643 membra
1287 1614 1511 1651 reservantur,

965 1659 1164 1699 Animaeque
1191 1663 1391 1691 coronantur

1012 1708 1048 1739 In
1076 1707 1209 1739 caelesti
1235 1708 1336 1740 curia.

962 1794 1041 1826 Fusi
1069 1798 1159 1833 patet
1185 1795 1351 1834 sanguinis

1012 1842 1111 1873 series
1139 1842 1275 1882 Victori,

963 1890 1082 1922 Tendit
1110 1890 1275 1922 Christum
1303 1890 1460 1923 confitens

1013 1943 1111 1979 caput
1137 1941 1334 1983 percussori,

962 1987 1126 2019 Redditur
1152 1997 1222 2019 eum
1249 1989 1323 2020 aliis

1012 2045 1070 2067 suo
1097 2036 1249 2069 creatori.

867 2123 927 2156 82.
958 2123 1180 2162 Agaunenses,
1207 2122 1344 2155 iubilate

1013 2170 1130 2208 Corde,
1157 2180 1246 2212 voce,
1275 2171 1436 2210 manibus,

964 2219 1161 2251 Plaudentes
1189 2219 1293 2251 Deum
1318 2219 1464 2259 laudate,

1013 2267 1152 2300 Orantes
1178 2268 1211 2299 in
1237 2267 1406 2310 laudibus,

963 2316 1009 2349 Ut
1035 2315 1150 2356 iungat
1175 2317 1208 2348 in
1234 2316 1387 2348 claritate

1012 2364 1138 2396 Vestris
1164 2373 1222 2396 nos
1245 2365 1457 2405 martyribnS.

246 2447 329 2474 Miss.
371 2458 423 2476 nis.
459 2450 673 2478 Lausannense
710 2459 787 2478 saec.
825 2448 869 2477 14.
905 2450 974 2478 Cod.
1011 2451 1186 2487 Friburgen.
1217 2452 1360 2480 Nuithon.
1393 2455 1426 2481 L.
1463 2452 1518 2485 159

161 2484 242 2519 (149)
267 2487 300 2513 Α.
331 2501 363 2505 -
391 2490 532 2525 Sequent.
561 2499 613 2516 ms.
644 2490 876 2518 Ravennatense
906 2491 977 2517 anni
1011 2487 1170 2518 1585—87.
1200 2491 1270 2519 Cod.
1299 2492 1434 2521 Classen.
1461 2493 1519 2525 360
