1654 2756
712 155 977 191 —276—

184 259 244 290 4a.
277 255 366 287 Haec
391 255 554 286 occultans
580 253 718 284 cilicium

327 303 392 336 Sub
419 311 595 343 pannorum
623 301 760 333 mollitie

281 351 432 385 confutat
459 358 551 382 omne
577 350 698 391 vitium,

330 400 455 439 Regens
482 408 572 431 arma
594 397 746 439 iustitiae,

277 448 423 487 Suspirat
449 447 491 479 ad
517 447 691 478 dominium

325 495 472 528 Summae
504 495 652 527 caelestis
678 494 811 534 gloriae,

278 544 342 578 L'bi
369 545 457 576 nulla
483 543 572 575 fraus
599 543 756 584 lnostium3

876 251 940 285 4b.
974 250 1039 283 Sed
1065 250 1118 282 hic
1142 251 1213 283 laus
1239 249 1478 282 concinentium

1021 298 1267 340 Triumphantis
1293 299 1325 330 in
1352 297 1432 341 acie,

971 347 1033 379 Hic
1059 356 1140 380 unus
1166 347 1265 380 ardor
1291 346 1448 384 cordium,

1019 395 1084 428 Hic
1108 406 1174 437 pax
1199 395 1448 434 indiffidentiae‚

970 444 1033 477 Hic
1058 453 1177 477 corona
1201 444 1389 486 viventium,

1018 493 1081 524 Hic
1107 494 1198 534 origo
1224 493 1377 531 laetitiae,

970 541 1033 573 Hic
1060 541 1147 574 salus
1176 540 1416 575 confidentium.

259 650 397 685 Sequent.
424 659 475 676 nis.
498 650 724 676 Ravennatense
754 648 825 674 anni
855 645 1017 674 1585—87.
1042 647 1113 674 Cod.
1135 647 1268 675 Classen.
1296 644 1353 674 360
1372 644 1452 678 ’(139.
1480 644 1508 673 5.

178 688 216 717 S).
240 702 275 706 —
299 687 349 719 la,
371 685 388 714 2
410 688 491 715 Eius.

589 819 659 850 305.
700 819 741 849 De
764 819 873 850 sancto
895 818 1099 850 Pantaleone.

605 911 635 942 1.
663 909 831 941 Sollennes
856 918 1042 941 resonemus

666 958 778 989 laudes
806 957 1030 989 Panthaleoni.

177 1056 236 1086 22.
272 1053 334 1084 Hic
360 1062 439 1092 puer

274 1110 405 1140 puerum
435 1102 569 1132 redemit

179 1200 197 1228 3
215 1207 243 1230 a.
279 1196 367 1227 Haec
393 1201 481 1228 tanta
508 1197 625 1227 meruit
651 1196 790 1227 nondum

273 1244 405 1275 salutari

274 1293 403 1323 lavacro
429 1296 601 1332 purgatus3

178 1390 198 1420 4
214 1397 242 1419 a.
277 1387 425 1418 Carnalis
453 1388 519 1418 eius
544 1388 670 1427 genitor

275 1435 415 1466 credidit
444 1433 559 1478 [lanta]
589 1445 645 1466 sua

275 1492 342 1513 visa
370 1489 496 1517 virtute,

179 1583 196 1612 5
215 1590 241 1610 a.
276 1578 430 1610 Flectitur
453 1580 599 1619 plurimis

274 1628 452 1662 tormentis,

276 1676 428 1714 ergastuli

274 1724 367 1754 cubat
392 1723 424 1754 in
450 1725 568 1763 antris;

178 1822 238 1853 fia.
270 1819 372 1850 Huius
400 1820 510 1850 militis

273 1872 381 1898 tenera
409 1868 551 1900 membra

272 1924 394 1955 poenae
420 1917 546 1956 penitus

275 1965 318 1995 nil
346 1970 461 1996 nocent
487 1965 675 2005 exquisitae.

183 2070 238 2094 ta.
271 2061 354 2092 Hinc
380 2071 437 2093 nos
465 2062 619 2093 condecet
645 2072 754 2094 omnes

273 2109 369 2140 lio-lie
395 2111 594 2142 sollemniter

273 2158 361 2188 illum
390 2158 532 2200 laudare,

869 1053 931 1086 2b.
962 1053 1086 1084 Evictis

965 1101 1123 1133 morsibus
1150 1102 1307 1142 anguinis.

870 1196 936 1230 3b.
967 1197 1013 1230 Ut
1039 1200 1144 1228 autem
1172 1197 1335 1237 baptismo
1363 1195 1486 1228 Christi

965 1249 1147 1277 renovatur.

967 1302 1062 1324 caeco
1089 1293 1179 1326 dedit
1205 1294 1319 1325 visum.

869 1391 931 1424 4b.
961 1390 1038 1422 Mox
1064 1389 1097 1420 in
1123 1390 1214 1421 illum
1237 1399 1271 1420 se
1295 1386 1471 1433 [convertit

968 1435 1155 1481 saevientis]
1181 1438 1313 1469 nimium

964 1486 1014 1517 ira
1039 1486 1181 1525 tyranni.

869 1584 933 1618 5b.
964 1583 1049 1616 Inibi
1077 1583 1200 1622 positus

963 1632 1120 1662 solantem

964 1689 1000 1711 se
1026 1679 1195 1712 Dominum

965 1736 1096 1760 cernere
1123 1729 1253 1769 gaudet.

868 1825 931 1860 6b.
963 1824 1107 1856 Tandem
1134 1825 1252 1865 impius

963 1873 1061 1904 iudex
1088 1875 1236 1905 turbatus

964 1930 1039 1953 ense
1066 1923 1191 1955 crudeli

966 1970 1051 2003 hunc
1077 1969 1155 2002 fecit
1181 1970 1331 2011 iugulari.

870 2067 931 2100 7b.
964 2068 1010 2100 Ut
1036 2067 1178 2100 colentes
1204 2068 1285 2100 haec
1310 2066 1395 2100 festa

964 2125 1070 2147 annua
1096 2125 1192 2156 prece
1218 2126 1277 2148 sua

965 2164 1095 2197 Christo
1122 2165 1335 2204 commendet,

573 2258 604 2291 8.
632 2258 709 2290 Cum
735 2269 796 2300 quo
821 2261 901 2294 vivit
927 2266 959 2292 et
985 2265 1108 2301 regnat.

255 2361 387 2389 Oration.
410 2367 437 2390 et
453 2366 590 2399 ¹*equent
614 2375 665 2392 ms.
682 2366 845 2402 Campense
867 2368 938 2394 anni
961 2365 1043 2394 1462.
1061 2367 1132 2395 Cod.
1149 2368 1370 2396 Darmstadien.
1386 2367 1452 2396 521.
1467 2383 1506 2388 —

175 2400 234 2434 7b,
262 2400 279 2428 2
301 2411 405 2429 annue.
434 2418 466 2421 —
490 2404 617 2432 Melodie
639 2405 784 2432 offenbar:
818 2406 939 2440 „Haec
961 2410 1015 2433 est
1035 2406 1119 2434 dies
1141 2416 1250 2443 quam
1271 2405 1383 2435 fecit“
1405 2408 1503 2439 (Anal-

176 2441 284 2476 Hymn.
306 2441 393 2473 vm,
423 2443 472 2469 ΝΥ.
495 2442 556 2474 29);
585 2444 699 2470 danach
721 2444 788 2471 liers
810 2445 873 2471 sich
894 2445 1073 2477 feststellen,
1096 2447 1151 2474 wie
1171 2447 1251 2474 viele
1275 2446 1379 2475 Silben
1398 2448 1431 2474 111
1451 2448 1504 2474 der

175 2479 385 2515 beschiidigten
408 2481 532 2517 Strophe
554 2481 572 2509 4
593 2492 628 2510 zu
650 2484 796 2518 erginzen
816 2492 924 2511 waren.
