1654 2756
184 345 201 375 1
219 353 247 374 a.

186 576 205 606 2
218 584 246 606 a.

189 1037 249 1067 4a.

196 1267 255 1296 5a.

196 1495 254 1525 tia.

204 2005 263 2037 Sa.

208 2237 269 2270 aa.

686 89 945 126 —158—

579 221 638 252 169.
669 220 712 251 De
732 221 842 253 saneto
864 219 1033 261 Arragan-io.

276 341 471 378 Iucundare‚
486 339 578 379 plebs
592 339 789 380 Bremensis,

270 389 319 421 De
346 392 411 420 tam
438 388 528 419 miris
555 392 587 418 et
613 388 778 419 immensis

271 437 374 470 Donis
399 436 460 468 tibi
486 435 539 467 hic
565 435 706 467 ostensis

320 486 400 518 Cum
428 485 545 516 decore
573 484 672 516 vario.

276 572 396 604 Forma
424 572 508 603 vitae
535 572 762 612 Romanorum,

275 619 427 652 Pontifex
455 618 751 660 Nordalbingorum

278 670 365 700 Arce
392 672 479 699 tenet
506 668 538 699 in
563 668 709 708 polorum

327 717 513 749 Mercedem
541 716 679 755 negotio.

220 817 249 836 a.
278 803 494 843 Dispensator
521 802 572 834 liic
599 801 704 833 fidelis

278 851 388 883 Dauos
415 850 483 882 adit
511 850 610 882 tensis
639 850 729 889 velis,

276 901 404 940 Agnum
432 899 649 930 dominantem
677 897 776 929 caelis

327 948 450 979 Terrae
477 946 590 986 pandit
618 945 746 988 finibus,

281 1034 393 1066 Victor
428 1033 524 1065 trium
552 1034 587 1065 fit
614 1042 795 1074 regnorum,

279 1082 370 1114 Fana
394 1081 511 1113 stravit
535 1080 742 1120 profanorum

280 1130 376 1161 Cultu
403 1138 484 1160 vano
511 1129 669 1160 idolorum

333 1178 436 1210 Facto
462 1185 596 1216 prorsus
622 1176 743 1210 exsule.

283 1263 307 1295 O
323 1271 412 1293 mens
432 1263 569 1294 tendens
588 1263 629 1293 ad
649 1271 799 1302 superna,

284 1311 309 1342 Ο
338 1311 385 1343 sal
413 1315 531 1352 terrae,
559 1320 577 1342 o
604 1311 736 1342 lucerna

283 1358 367 1390 Luce
394 1358 570 1398 splendens
589 1358 799 1399 sempiterna,

332 1407 450 1438 Latens
477 1416 539 1438 non
566 1406 624 1438 sub
652 1407 775 1438 modio!

284 1494 392 1525 calice
418 1494 459 1524 de
484 1494 644 1532 passionis

284 1542 371 1572 Bibit
399 1542 467 1573 veri
495 1542 686 1583 Salomonis,

283 1589 377 1621 Licet
403 1591 485 1620 citra
514 1590 576 1620 vim
604 1589 776 1631 mucronis,

335 1637 452 1669 Mortis
479 1639 686 1676 cruciamina,

256 1750 262 1756 .
292 1723 488 1763 Speculandi
515 1732 572 1762 spe
598 1723 714 1763 quietis

289 1772 411 1803 Cellam
437 1771 534 1802 struit
559 1771 592 1803 in
619 1771 753 1812 rubetis,

288 1819 428 1861 Pastum,
439 1823 562 1861 potum,
571 1819 681 1860 Ceres,
690 1819 805 1852 Thetis

337 1868 395 1900 Cui
424 1868 502 1899 dant
529 1867 694 1900 libamine.

293 2003 373 2036 Cum
408 2003 564 2044 triumphi
591 2002 700 2035 Gades
727 2002 808 2043 fixit,

289 2052 429 2094 Christo,
457 2052 508 2083 cui
533 2055 618 2084 totus
646 2051 738 2091 vixit,

294 2101 408 2143 „Hunc
415 2101 603 2133 commendo
613 2098 707 2139 tibi“‚
716 2099 808 2142 dixit,

346 2149 441 2192 „lesu
467 2149 562 2188 boue,
590 2148 776 2190 spiritum“.

296 2236 322 2268 O
349 2236 523 2276 Anscliari‚
549 2239 662 2276 pastor
686 2235 751 2277 pie,

297 2285 514 2317 Venerantum
541 2289 573 2316 te
600 2284 660 2316 hoc
687 2284 739 2316 die

291 2332 370 2366 Esto
398 2333 514 2365 ductor
540 2332 632 2365 huius
659 2333 731 2365 viae

343 2383 380 2414 In
408 2382 563 2414 virtutum
589 2380 765 2422 gressibus.

884 339 948 373 lb.

887 571 950 604 2b.

890 802 951 835 3b.

891 1035 954 1068 4b.

894 1265 959 1297 5b.

895 1495 959 1529 ob.

894 2005 955 2038 eb.

897 2235 963 2270 9b.

975 340 1078 373 Laeta
1101 339 1188 372 laeto
1213 339 1317 378 psalle
1342 341 1419 369 tono

973 387 1122 421 Glorioso
1149 388 1190 420 de
1207 390 1355 427 patrono,

973 435 1210 476 Triumphante
1222 443 1346 466 summo
1360 434 1488 470 throno,

1022 484 1123 516 Beato
1149 482 1343 516 Ansehario.

979 571 1092 603 Antris
1123 570 1181 602 sub
1209 569 1365 601 Corbeiae
1392 567 1490 606 fotus,

976 618 1108 651 Cunctis
1134 617 1306 650 sanctitate
1332 621 1437 653 notuS,

975 667 1028 700 Sic
1046 667 1088 698 ad
1107 675 1263 698 summum
1279 665 1315 697 fit
1325 668 1492 705 promotus

1025 714 1170 746 Gradum
1197 713 1390 745 sacerdotio.

981 801 1090 834 Corda
1116 801 1203 834 sicca
1227 801 1438 832 barbarorum

979 850 1074 882 Dulci
1103 850 1142 881 de
1169 850 1369 889 eloquiorum

978 897 1083 930 Fonte
1109 898 1218 938 rigans
1246 897 1439 937 divinorum,

1027 946 1133 987 Signis
1160 950 1191 977 et
1217 944 1405 977 virtutibus.

983 1034 1066 1066 Fide
1094 1032 1197 1073 fulget
1224 1041 1302 1073 gens
1330 1032 1494 1064 Danorum

979 1083 1221 1121 Sveonumque‚
1252 1081 1498 1119 Norwetnorum,

980 1129 1276 1168 Grandlandorum,
1292 1128 1497 1160 Islandorum

1028 1178 1095 1209 Sub
1121 1177 1290 1209 Breniensi
1316 1176 1477 1215 praesule.

987 1264 1061 1296 Flet
1087 1264 1222 1296 antistes
1248 1263 1281 1294 in
1307 1271 1409 1302 agone

983 1313 1023 1346 Se
1051 1311 1203 1344 frustrari
1230 1320 1288 1351 spe
1316 1319 1464 1352 coronae,

985 1360 1191 1400 Repromissa
1218 1359 1342 1391 visione

1037 1409 1171 1448 Spirans
1197 1417 1257 1448 pro
1283 1410 1449 1448 martyrio.

988 1497 1076 1528 Inter
1107 1495 1227 1534 probra
1253 1499 1301 1527 tot
1327 1499 1498 1535 tortorum,

985 1543 1146 1575 Fremitus
1174 1547 1221 1575 tot
1248 1547 1449 1583 tymnorum,

985 1591 1079 1624 Fidei
1105 1594 1361 1630 persecutorum,

1033 1640 1127 1672 Vitae
1153 1643 1201 1671 tot
1228 1639 1428 1672 discrimina.

953 1750 961 1758 .
989 1725 1082 1758 Nunc
1105 1725 1138 1756 in
1164 1725 1238 1757 imis
1265 1730 1431 1766 operatur,

986 1773 1079 1805 Nunc
1105 1773 1137 1805 in
1155 1774 1286 1805 summis
1306 1774 1504 1814 contempla-

1250 1828 1312 1861 tur,

988 1869 1118 1910 Duplex
1144 1870 1190 1902 ita
1217 1871 1385 1903 colebatur

1036 1919 1112 1951 Vita
1137 1927 1230 1951 sacro
1255 1918 1397 1952 flamine.

985 2005 1090 2038 Corde
1115 2015 1242 2038 sursum
1269 2007 1395 2039 clevato

989 2054 1225 2095 Fratribusque
1252 2056 1324 2087 vale
1352 2055 1429 2087 dato

990 2102 1099 2142 Raptu
1126 2103 1253 2143 rapitur
1279 2103 1374 2135 beato

1041 2150 1130 2182 Caeli
1157 2151 1199 2183 ad
1226 2151 1415 2184 exercitum.

990 2237 1029 2268 In
1055 2236 1118 2268 hac
1142 2237 1228 2269 valle
1253 2238 1427 2278 peregrina

992 2284 1131 2325 Gregem
1157 2285 1200 2317 ad
1225 2286 1311 2318 ovile
1337 2287 1434 2327 mina,

992 2331 1042 2365 Ne
1069 2336 1231 2366 errantem
1257 2333 1336 2367 faux
1360 2335 1476 2376 lupina

1043 2381 1154 2414 Saevis
1181 2386 1274 2415 voret
1301 2384 1473 2418 morsibus„
