1654 2756
216 243 277 276 7a.
309 241 375 275 Sed
402 242 458 275 lux
483 243 580 282 alma,

310 289 368 335 [de
393 292 545 332 supernis

307 341 340 372 in
367 336 416 385 te]
442 349 482 373 ex
508 349 585 374 arce
611 342 710 374 missa

310 388 444 431 caelica,

211 477 274 513 Sa.
305 476 393 509 Hinc
418 477 597 510 constricta

312 525 465 558 restituta.

312 574 364 607 vir
389 575 531 607 exsultat
555 574 701 614 dextera,

317 672 426 713 Atque
453 675 560 704 mutus
587 671 691 704 libera
732 695 750 715 *
780 659 799 678 ‘⁸‘

318 720 439 762 gaudet
465 721 660 761 depromens
687 719 828 762 famina;

219 807 282 842 92„
317 806 495 840 Eflorescit
520 808 628 840 nitida

313 856 397 888 cutis
424 856 552 897 pridem
577 856 723 889 laxarica
737 867 747 899 ς

195 943 281 977 loa.
315 943 380 976 Sed
407 946 543 976 aeterna
569 944 707 984 pignora

318 1001 381 1032 qua
409 1001 481 1024 cum
507 992 661 1024 levantur
690 992 805 1024 inclita

193 1078 236 1112 11
248 1087 280 1112 a..
314 1077 397 1110 Nam
425 1078 473 1111 vis
500 1078 645 1111 admissa
670 1077 821 1111 flammea

318 1136 392 1158 mox
419 1126 552 1159 oboedit
578 1127 741 1168 incendia,

316 1175 361 1207 Et
386 1175 510 1208 intacta
536 1179 667 1206 manent
693 1184 767 1207 ossa

315 1223 405 1255 velut
431 1223 487 1256 nix
515 1223 701 1256 candidula.

194 1310 278 1344 122.
311 1309 355 1342 Et
383 1310 546 1351 condigna
572 1311 666 1342 vivus
693 1310 777 1350 petit

316 1359 420 1391 hostis
445 1368 557 1391 amens
583 1359 738 1391 incendia

319 1408 405 1440 Voce
432 1408 515 1440 citus
543 1407 770 1448 perhorrenda

315 1455 358 1488 ad
385 1456 536 1488 ardentia
562 1460 696 1489 tartara.

924 244 985 277 7b.
1017 244 1063 277 Te
1090 244 1237 276 declarat

1019 303 1090 326 cum
1117 292 1250 333 collegis

1018 341 1122 375 infula
1148 345 1338 374 exornatum

1019 399 1123 424 rosea.

923 478 987 512 eb.
1020 478 1151 511 Plaudit
1176 486 1292 510 caecus
1318 477 1441 509 lumina

1022 536 1103 567 sum,
1131 536 1187 558 ens
1214 527 1347 559 claudus
1376 525 1525 566 vestigia,

1022 624 1065 656 Et
1092 623 1279 657 obstructae

927 696 945 716 *
1022 677 1155 712 captant
1180 681 1285 713 aureS‚

1025 721 1184 753 mirantur
1210 721 1347 760 eloquia.

926 809 989 843 9b.
1022 809 1138 840 Febris
1165 807 1248 849 fugit
1273 807 1411 839 tremula.

1021 857 1137 890 salutis
1164 858 1204 890 ob
1233 856 1386 888 remedia.

903 943 988 978 lob.
1021 943 1250 984 Redemptoris
1276 951 1376 983 opera

1023 992 1215 1024 illucescunt
1242 990 1389 1024 mirifica.

903 1079 945 1112 11
959 1078 990 1114 b,
1021 1078 1107 1110 Hinc
1134 1079 1270 1110 resultet
1297 1078 1440 1110 Alleluia

1023 1136 1101 1159 voce
1128 1126 1233 1166 plebis
1259 1127 1409 1164 altisona,

1023 1175 1231 1207 Admiranda
1256 1175 1437 1215 gratuletur

1025 1224 1175 1256 excolens
1202 1223 1374 1263 magnalia.

902 1311 947 1344 12
961 1310 993 1346 b,
1025 1311 1094 1342 Nos
1122 1319 1198 1351 ergo
1225 1319 1322 1350 prece
1349 1309 1465 1341 sedula

1024 1363 1081 1392 tua
1106 1368 1279 1402 precamur
1305 1360 1427 1398 munia,

1023 1408 1069 1441 Ut
1106 1417 1166 1449 per
1191 1411 1223 1439 te
1250 1417 1334 1440 nunc
1361 1408 1549 1447 peccamina

1023 1460 1136 1489 nostra
1163 1457 1269 1489 solvat
1295 1456 1475 1493 clementia,

580 1544 636 1577 13.
664 1544 753 1583 Quae
779 1544 910 1576 salvare
937 1544 1024 1577 venit
1050 1543 1168 1578 omnia.

267 1620 352 1647 Miss.
377 1620 543 1647 Hat'niense
572 1620 642 1656 imp.
666 1620 798 1648 Hafuiae
822 1618 904 1648 1510.
926 1620 961 1647 Α,
983 1634 1021 1640 —-
1046 1620 1129 1647 Miss.
1152 1619 1312 1648 Lundense
1334 1621 1403 1654 imp.
1420 1619 1548 1646 Parisiis

190 1656 276 1687 1514.
297 1659 330 1686 Β.
353 1673 391 1676 -
421 1657 474 1691 la,
503 1657 521 1686 2
559 1663 591 1686 tu
618 1658 692 1686 fehlt
713 1659 775 1687 AB.
799 1674 835 1677 —
862 1657 922 1694 2a,
950 1657 963 1687 1
988 1660 1086 1687 Huius
1109 1660 1151 1692 A;
1184 1660 1280 1686 virtus
1301 1659 1361 1686 AB.
1385 1673 1420 1678 -—
1444 1656 1502 1689 2a.
1533 1658 1551 1685 2

189 1699 251 1726 iam
280 1700 445 1734 peremant
473 1698 535 1725 AB.
567 1713 601 1717 -—
626 1696 684 1730 4a,
714 1697 728 1725 1
757 1707 800 1734 sq.
828 1700 860 1726 in
886 1707 991 1726 cruore
1018 1698 1120 1726 mundi
1148 1698 1284 1726 tollentis
1305 1699 1365 1725 Ab.
1390 1711 1425 1716 -—
1447 1695 1504 1731 «lb,
1533 1697 1551 1725 4

191 1737 371 1774 phalangem
394 1738 430 1764 A.
452 1750 490 1756 -·-
516 1734 576 1770 5a,
608 1736 621 1764 1
646 1738 704 1765 Hic
725 1738 760 1766 A.
782 1751 820 1756 —-
843 1735 904 1770 6a,
934 1736 952 1765 2
980 1738 1128 1766 horrenda
1149 1738 1209 1765 AB.
1236 1754 1268 1757 —
1293 1734 1350 1768 Sa.
1382 1736 1400 1765 3
1423 1738 1552 1764 exsultet

191 1777 253 1804 AB.
274 1791 313 1796 —-
333 1775 393 1809 8b,
425 1774 437 1803 1
469 1776 599 1804 Plaudet
624 1777 687 1804 AB.
709 1791 747 1795 —
772 1775 844 1811 lla,
877 1776 890 1804 1
921 1778 997 1805 Nam
1028 1778 1074 1805 ius
1102 1778 1135 1804 B.
1160 1791 1191 1796 ——
1221 1774 1299 1809 1212,
1327 1774 1345 1804 3
1372 1785 1450 1804 nune
1479 1775 1552 1804 fehlt

191 1815 253 1843 AB.
275 1831 312 1836 —-
335 1813 406 1849 121³,
429 1814 449 1843 4
474 1815 572 1843 solvet
592 1816 627 1843 A.

590 1929 653 1961 261.
696 1928 739 1961 Do
761 1930 874 1961 sancto
895 1929 1015 1962 Karolo
1036 1929 1161 1970 Magno.

194 2012 212 2046 1
228 2022 260 2045 a.
293 2011 395 2045 Sacra
420 2011 518 2044 datur
543 2011 760 2052 sollemnitas,

292 2061 338 2094 Et
363 2060 507 2094 iucunda
533 2059 696 2094 festivitas

342 2109 473 2143 Gaudet
500 2119 572 2143 cum
598 2109 755 2150 tripudio.

194 2200 256 2234 2a.
288 2197 385 2230 Felix
411 2200 539 2238 partus,
568 2197 648 2230 felix
675 2198 743 2231 vita

292 2246 422 2280 Mundo
448 2245 544 2279 fulsit
567 2246 726 2290 inaudita,

340 2295 495 2328 Nascitur
522 2305 581 2329 rex
605 2295 780 2338 Franciae‚

190 2387 254 2420 3a.
286 2383 352 2417 Hic
379 2383 529 2426 Carolus,
557 2393 615 2417 rex
642 2387 804 2428 terrenus,

290 2434 477 2474 Imperator
502 2432 538 2466 fit
565 2442 730 2472 amoenus,

316 2481 466 2515 Bellator
490 2491 551 2523 pro
577 2483 711 2524 populo.

905 2012 968 2047 lb.
1001 2013 1179 2046 Primatum
1206 2012 1323 2053 gesssit
1351 2011 1532 2052 Gallorum,

1001 2061 1145 2094 Turbam
1173 2061 1313 2093 ferocem
1341 2061 1499 2093 malorum

1051 2110 1185 2150 Subegit
1210 2110 1357 2150 imperio.

905 2199 968 2234 ab.
1001 2199 1100 2232 Cuius
1127 2198 1255 2240 genitor
1281 2198 1416 2238 Pipinus

1002 2249 1032 2280 A
1059 2247 1180 2279 virtute
1206 2247 1297 2280 nulla
1322 2247 1428 2279 miuus

1051 2296 1246 2336 Exemplum
1273 2296 1475 2329 clementiae.

904 2384 968 2419 3b.
1002 2385 1104 2417 Totus
1131 2388 1203 2416 erat
1229 2385 1420 2425 catholicus,

999 2433 1037 2466 In
1065 2441 1214 2465 sermone
1241 2433 1405 2466 veridicus

1049 2483 1164 2515 Manet
1190 2483 1223 2514 in
1249 2483 1406 2524 periculo.
