1654 2756
166 230 228 262 6a.

168 398 227 431 7a.

166 567 226 599 Sa.

166 737 223 769 9a.

142 905 225 936 lOa.

670 130 936 165 —102—

255 229 354 268 Audi,
383 232 496 269 mater,
524 232 722 268 peccatores,

255 278 378 310 Horum
404 277 508 308 luctus
539 280 572 306 et
597 276 754 308 clamores

303 325 454 365 Digneris
481 325 664 366 suscipere3

255 398 304 429 Tu
331 398 416 438 luna,
444 397 491 428 sol
520 400 551 428 et
577 406 704 436 aurora,

254 446 301 477 Tu
328 445 435 477 suavis
460 448 490 475 et
519 445 647 486 decora,

304 494 352 524 Tu
379 492 498 525 rubens
525 493 756 534 carbunculus3

256 566 354 606 Virga
380 567 468 599 lesse
493 574 658 606 generosa,

254 614 434 652 Frondens,
450 612 578 653 floreus,
590 613 765 654 fructuosa,

304 663 459 694 Porrecta
484 660 655 703 flexibilis·,

253 735 302 766 Tu
328 735 459 773 nardus,
486 737 520 765 tu
547 743 656 767 murra
678 733 770 774 tA'tJ,

254 783 364 814 Virtus
392 782 526 813 balsami
552 783 687 824 mellita,

304 831 353 862 Tu
380 830 485 862 fumus
511 834 710 871 aromatuai3

253 905 335 942 Ave,
363 903 452 941 virgo
479 903 641 941 specialis,

254 951 352 983 Nulla
379 950 491 987 maior,
519 951 608 982 nulla
634 950 720 990 talis,

254 999 366 1030 Finem
394 999 513 1030 nostris
539 998 651 1030 confer
677 999 770 1031 malis

303 1048 481 1087 Impetrata
507 1047 612 1087 venia,

863 227 922 262 6b.

864 396 924 430 7b.

864 566 927 599 8b.

865 734 925 767 9b.

840 903 883 936 10
893 902 924 935 b.

952 229 1051 261 placa
1076 228 1193 270 culpae
1216 231 1437 270 purgatorem,

951 276 1001 308 Ne
1036 277 1239 318 constringat
1264 280 1469 318 peccatorem

1001 325 1042 357 Vi
1068 326 1212 366 potentis
1239 326 1404 358 dexterae.

951 397 1001 430 Tu
1027 407 1156 439 sponsa,
1185 398 1274 430 cuius
1302 397 1441 429 dilectus

951 446 1002 478 Ex
1027 445 1156 478 milibus
1183 450 1233 478 est
1256 446 1378 478 electus

1001 494 1044 526 Et
1071 503 1198 526 murrae
1224 493 1410 526 fasciculus.

954 567 1136 607 Margarita
1161 567 1315 606 pretiosa,

954 615 1057 655 Viola,
1087 616 1200 653 lilium,
1227 624 1311 654 rosa,

1001 663 1078 695 Flos
1104 662 1394 695 immarcessibilis.

954 735 1002 766 Tu
1029 744 1088 775 pro
1114 735 1207 767 uobis
1234 735 1420 775 interpella,

952 783 1000 814 Ne
1025 787 1232 823 peccatorum
1260 783 1404 823 procella

1001 831 1123 864 Turbet
1151 831 1260 862 cordis
1287 830 1472 862 sabbatum.

952 902 995 935 Ut
1023 912 1042 934 a
1068 906 1171 934 morte
1197 902 1328 934 liberati

953 952 1016 983 Per
1041 955 1074 982 te
1100 951 1199 982 simus
1226 954 1257 981 et
1285 950 1400 987 renati,

953 999 998 1032 Ut
1024 1000 1055 1031 in
1082 999 1171 1031 caelo
1199 999 1348 1031 collocati

1002 1047 1176 1079 Cantemus
1202 1047 1363 1079 Alleluia.

211 1119 294 1146 Miss.
318 1119 488 1145 Morinense
510 1119 548 1144 im
573 1138 578 1143 .
601 1119 759 1154 Rotomagi
784 1117 866 1145 1516.
888 1119 923 1146 A.
939 1133 975 1136 —
990 1119 1075 1145 Miss.
1097 1120 1267 1146 Morinense
1290 1120 1359 1153 imp.
1384 1119 1474 1145 Roto-

136 1158 213 1193 magi
243 1155 324 1183 1523.
354 1158 385 1183 B.
414 1170 451 1174 —
476 1155 525 1186 la,
549 1157 554 1164 ¹
594 1156 674 1183 floris
703 1157 763 1183 AB.
790 1172 822 1175 —
845 1155 897 1188 2a,
919 1156 938 1184 4
963 1158 1075 1184 intacta
1105 1158 1206 1184 nescia
1233 1158 1292 1183 AB.
1320 1172 1353 1175 —
1379 1156 1432 1189 Sa,
1455 1156 1474 1183 4

135 1197 213 1222 Cara
233 1197 267 1222 A.
290 1209 324 1214 -—
348 1194 398 1224 Sa,
414 1192 431 1220 2
453 1194 603 1221 balsamus
626 1196 691 1227 AB,
713 1195 731 1221 l.
757 1196 883 1230 Myrtus,
907 1196 1081 1226 balsamum,
1103 1196 1238 1222 mellita?
1254 1209 1291 1213 —
1316 1194 1351 1222 10
1361 1196 1387 1227 b,
1404 1193 1422 1222 2
1445 1198 1475 1222 et

136 1235 278 1269 redempti
290 1234 394 1260 AB.-
408 1232 550 1259 Melodie:
563 1233 978 1269 Triumphanticruore
989 1235 1142 1270 proprio
1154 1234 1251 1262 (Anal.
1266 1235 1375 1269 Hymn.
1390 1235 1475 1266 Vm,

137 1274 186 1300 Nr.
208 1272 261 1300 165
268 1276 279 1301 l.

147 1435 205 1466 la.

146 1599 206 1629 2a.

147 1761 206 1792 3a.

144 1926 205 1958 4a.

144 2092 204 2122 5a.

146 2255 205 2286 ὅτι.

587 1361 634 1392 99.
668 1362 710 1392 De
733 1362 831 1393 Beata
852 1361 954 1393 Maria
976 1362 1010 1392 V.

231 1434 339 1475 Virgo,
368 1434 458 1473 virga
481 1433 560 1473 ligni
587 1434 682 1471 vitae,

234 1481 431 1514 perditionis
458 1482 564 1513 avitae

281 1529 495 1570 Reparandae
522 1529 682 1571 stadium3

236 1597 335 1637 Virga
362 1596 440 1629 fecit
465 1605 565 1636 aquas
591 1600 687 1638 stare,

235 1645 332 1677 Plebs
358 1645 465 1684 Moysi
492 1645 609 1675 transit
635 1653 735 1686 mare,

282 1693 473 1732 Pharaoque
500 1693 675 1734 mergitum,

236 1761 337 1800 Virga
363 1762 474 1792 Aaron
502 1760 597 1801 plena
622 1758 701 1791 flore

235 1808 420 1840 Sacerdotis
447 1808 478 1838 in
507 1808 626 1840 honore

283 1857 419 1889 Protulit
444 1856 639 1896 amygda1a3

236 1924 334 1965 Virga
361 1924 401 1956 de
427 1924 537 1955 radice
565 1923 651 1954 Iesse

231 1972 279 2004 Tu
306 1981 350 2010 es,
379 1973 479 2011 virgo,
507 1981 600 2011 quam
629 1976 659 2003 te
686 1981 756 2003 esse

282 2021 383 2053 Isaias
410 2020 544 2062 cecinit3

233 2089 336 2130 Virga
362 2088 479 2127 Ioseph
506 2086 618 2119 florem
645 2087 746 2125 dedit,

231 2137 275 2169 Et.
301 2136 448 2169 columba
474 2139 586 2167 sancta
611 2135 697 2167 sedit

279 2186 315 2217 In
343 2185 409 2217 eius
437 2185 620 2225 cacumine;

235 2253 342 2292 Virga,
371 2257 426 2284 tuo
454 2252 540 2284 dulci
568 2255 656 2284 tactu

230 2301 314 2333 Reos
341 2304 458 2339 mente,
485 2300 605 2339 verbis,
632 2304 706 2332 actu

278 2349 347 2381 Deo
373 2349 566 2389 reconcilia3

211 2416 297 2443 Miss.
329 2417 499 2443 Morinense
531 2417 600 2451 imp.

633 2413 813 2452 Rothomagi

843 1596 902 1630 2b.

847 1760 906 1795 3b.

841 1924 901 1957 4b.

842 2088 900 2122 5b.

840 2252 899 2285 6b.

846 1433 905 1466 1b.
935 1434 1044 1474 Virgo,
1071 1435 1159 1466 cuius
1185 1434 1243 1466 flos
1270 1440 1300 1467 et
1328 1435 1454 1468 fructus

931 1481 1032 1513 Fixus
1058 1482 1146 1522 ligno
1174 1484 1267 1514 tersit
1295 1485 1400 1515 luctus

978 1530 1068 1562 Evae
1092 1531 1187 1570 culpa
1215 1530 1369 1565 flentium.

931 1597 1033 1637 Virga
1061 1607 1156 1629 cruce
1183 1598 1330 1630 Christus
1358 1598 1456 1640 fregit

930 1645 1071 1685 Stygem,
1102 1655 1140 1677 ex
1168 1656 1230 1686 quo
1256 1657 1329 1678 suos
1358 1649 1447 1689 legit,

978 1693 1021 1725 Et
1047 1695 1150 1725 hostis
1179 1694 1400 1729 confunditur.

935 1761 1045 1802 Virgo,
1073 1762 1162 1802 virga
1189 1771 1291 1794 novae
1317 1763 1409 1804 legis,

931 1808 1116 1841 Sacerdotis
1142 1819 1175 1841 es
1202 1815 1234 1842 et
1259 1812 1344 1852 regis

981 1857 1150 1890 Unctionis
1176 1858 1263 1892 fiala.

929 1925 1038 1965 Virgo,
1066 1926 1167 1966 virga,
1195 1925 1309 1958 florem
1337 1928 1434 1960 istum

930 1974 1110 2016 Protulisti‚
1139 1975 1246 2007 Iesum
1274 1976 1450 2018 Christum,

978 2022 1046 2053 Nec
1068 2022 1184 2055 florere
1212 2025 1340 2058 desinit.

930 2089 1037 2131 Virgo,
1066 2092 1182 2130 Ioseph
1211 2092 1420 2133 desponsata,

928 2138 996 2170 Iam
1023 2137 1169 2171 florescis
1195 2140 1388 2173 obumbrata

975 2186 1094 2218 Sancto
1122 2188 1182 2219 Dei
1213 2187 1354 2223 flamine.

928 2253 1038 2293 Virgo,
1067 2258 1122 2286 tuo
1149 2265 1206 2287 nos
1233 2257 1394 2290 conductu

926 2301 1089 2334 Satiemur
1115 2308 1170 2335 tuo
1198 2303 1306 2336 fructu

975 2350 1013 2382 In
1041 2352 1178 2391 perenni
1205 2353 1320 2392 gloria.

848 2413 930 2443 1516.
957 2416 992 2443 A.
1023 2431 1058 2435 —
1087 2418 1171 2445 Mius.
1199 2419 1373 2448 Morinense
1402 2424 1474 2459 imp.

144 2455 323 2491 Rothomagi
348 2451 432 2482 1523.
454 2455 487 2482 B.
511 2469 545 2473 -
571 2454 620 2487 la,
642 2452 661 2482 3
682 2455 892 2490 Reparationis
914 2455 974 2483 AB.
