1654 2756
749 162 1009 197 —210—

217 263 277 295 6a.
307 261 409 301 Virgo
435 260 647 300 Francigena‚
913 258 977 292 6b.
1008 257 1153 292 Caritate
1178 257 1286 298 plena,

361 309 418 341 Fis
445 308 619 348 miraculis,
1057 306 1234 348 Refulgens
1259 303 1408 336 saeculis.

221 397 280 430 7a.
312 396 361 428 Tu
387 405 432 437 es,
460 396 610 437 gloriosa,
914 393 976 429 7b.
1011 393 1143 436 Christi,
1171 392 1313 433 pretiosa

313 444 437 484 Sponsa
466 443 606 475 formosa
1007 442 1058 474 Ac
1083 443 1234 482 gratiosa.

218 533 278 565 8a.
310 531 456 563 Mortuos
914 529 978 563 8b.
1007 529 1181 570 Leprosos,

315 579 468 617 Suscitas,
497 578 640 619 claudoS‚
1008 577 1165 617 Rabidos,
1193 576 1319 614 surdos,

314 627 421 659 Febre
446 631 558 666 tortos,
1010 625 1142 665 Caecos,
1168 633 1281 665 aegros

314 676 526 717 paralyticos,
554 679 670 716 mutos,
1012 673 1061 705 Tu
1087 682 1181 706 sanas
1207 672 1359 704 infinitos.

603 761 634 794 9.
662 761 732 793 Tua
757 764 870 793 sancta
894 760 1059 801 praesidia

663 809 765 841 Nobis
792 807 961 841 conferant
987 808 1068 840 caeli
1094 808 1222 848 gaudia.

295 895 434 930 Sequent.
460 904 511 922 ins.
533 895 761 923 Ravennatense
781 895 852 922 anni
875 891 1033 922 1585—87.
1056 894 1127 921 Cod.
1143 894 1276 921 Classen.
1293 890 1351 920 360
1369 890 1446 926 (139.
1470 891 1499 920 5.
1515 895 1554 924 δ).

611 1008 678 1039 228.
709 1008 751 1063 {m
775 1017 799 1040 s.
823 1008 962 1040 Germ-«10
983 1007 1158 1040 Bronicnsi.

222 1091 282 1122 la.
315 1089 410 1120 Dulci
438 1098 514 1121 voce
540 1089 652 1120 laudes
679 1089 748 1121 Deo
918 1091 933 1122 1
949 1089 979 1121 b.
1013 1089 1113 1121 Dabit
1138 1090 1244 1130 plane⁷
1269 1088 1353 1129 quod
1373 1096 1555 1128 speramus,

318 1137 532 1169 Personemus
559 1141 589 1168 et
615 1138 649 1168 in
675 1145 712 1169 eo
1013 1138 1047 1169 Si
1073 1138 1234 1177 pulsando
1259 1137 1471 1177 persistamus

367 1185 573 1216 Delectemur
599 1185 735 1225 iugiter;
1064 1186 1208 1218 Petendo
1234 1185 1386 1217 fideliter.

222 1272 282 1304 2a.
317 1272 448 1303 Crescat
475 1271 575 1302 honor
602 1271 756 1304 creatoris
918 1272 982 1305 2b.
1016 1272 1113 1304 Cuius
1141 1273 1242 1304 virtus
1269 1271 1452 1312 approbata

319 1318 369 1350 Ex
398 1319 555 1360 praeclari
584 1318 777 1352 confessoris
1013 1320 1057 1351 Et
1084 1320 1115 1351 in
1143 1320 1208 1351 fide
1234 1329 1324 1352 mens
1352 1318 1488 1352 fundata

367 1367 504 1400 Gerardi
529 1367 690 1408 memoria,
1062 1367 1131 1399 Deo
1157 1367 1217 1399 fuit
1243 1368 1357 1408 gloria.

228 1454 288 1486 33.
321 1452 437 1491 Spreta
465 1454 575 1493 stirpis
603 1453 761 1494 claritate,
919 1453 982 1487 3b.
1016 1453 1071 1484 Pie
1097 1462 1241 1485 normam
1268 1453 1409 1493 artioris,

319 1500 435 1541 Spreta
462 1511 594 1541 prorsus
621 1502 763 1533 vanitate
1015 1505 1115 1540 Quam
1143 1502 1259 1534 dilatat
1287 1502 1334 1533 vis
1361 1503 1493 1545 amoris,

366 1548 547 1581 Saecularis
574 1550 721 1589 ambitus,
1063 1549 1173 1592 Elegit
1199 1548 1367 1582 divinitus.

222 1636 284 1667 441.
315 1635 352 1665 ln
380 1641 485 1666 aetate
511 1637 573 1666 iam
602 1636 688 1667 virili
920 1636 985 1669 4b.
1020 1636 1183 1667 Edocetur
1208 1637 1250 1668 ad
1277 1635 1469 1676 perfectum,

325 1682 389 1714 Usu
418 1683 502 1714 subit
529 1684 647 1723 puerili
1016 1684 1074 1715 Cui
1102 1685 1200 1715 dabat
1227 1685 1428 1716 intellectum

369 1730 549 1762 Lites-„irum
577 1732 702 1771 studia3
1067 1732 1174 1772 Larga
1200 1733 1261 1764 Dei
1287 1733 1403 1773 gratia.

229 1818 286 1846 5a.
316 1816 440 1847 Auetus
467 1825 561 1847 sensu
587 1817 690 1856 gradu
717 1820 827 1861 crevit,
922 1818 984 1851 5b.
1018 1817 1071 1848 Fit
1098 1818 1246 1850 minister
1273 1824 1305 1850 et
1331 1819 1467 1852 conviva

322 1863 359 1894 ln
387 1872 449 1904 quo
475 1873 552 1895 sane
577 1866 735 1905 requievit
1019 1865 1153 1898 Mensae
1180 1867 1252 1906 Dei,
1279 1868 1391 1900 vivens
1420 1871 1494 1902 viva

373 1911 502 1944 Summa
528 1913 697 1954 sapientia.
1069 1913 1124 1946 Fit
1149 1917 1302 1948 sacerdos
1329 1917 1445 1950 hostia.

229 2000 289 2030 6a.
321 1997 421 2038 Gregi
448 1998 567 2030 Chn'sti
596 1999 711 2031 ductor
738 2002 832 2034 datus
925 2000 986 2033 6b.
1021 2001 1163 2034 Primum
1191 2003 1273 2041 vita,
1301 2009 1374 2043 post
1402 2005 1563 2048 doctrina,

325 2045 416 2078 Sacri
443 2046 578 2078 formam
604 2048 781 2082 coelibatus
1021 2049 1111 2082 Sicut
1139 2052 1233 2083 docet
1259 2053 1312 2084 lex
1340 2053 1461 2097 divina,

375 2094 425 2126 Ex
451 2104 485 2126 se
510 2095 600 2135 prius
626 2096 788 2136 praebuit.
1073 2098 1241 2132 Subiectos
1266 2101 1417 2136 instituit.

230 2181 290 2213 7a.
325 2181 423 2213 Pater
450 2186 519 2214 erat
546 2183 759 2223 plurimorum
928 2183 989 2217 7b.
1022 2185 1123 2218 Curat
1149 2196 1273 2226 caecOS‚
1300 2196 1415 2228 aegros
1445 2194 1549 2233 sanat,

324 2229 558 2264 Monachorum
584 2235 616 2262 et
641 2231 784 2265 locorum
1023 2233 1174 2266 Paradisi
1197 2233 1286 2267 fonte
1313 2241 1422 2267 manat

374 2277 461 2310 Mira
487 2280 664 2320 vigilantia.
1071 2281 1253 2314 sanitatum
1280 2285 1383 2325 copia.

234 2364 293 2396 Sa.
325 2365 401 2397 Post
428 2366 573 2400 laborum
601 2367 763 2401 cruciatus
928 2367 990 2402 8b.
1024 2367 1122 2401 Cuius
1149 2374 1237 2401 serto
1261 2372 1480 2410 praemiorum

328 2413 386 2445 Pio
413 2414 476 2447 fine
501 2416 551 2448 vir
578 2415 690 2448 beatus
1025 2417 1062 2449 In
1091 2427 1243 2450 consessu
1269 2418 1437 2453 beatorum

379 2463 471 2495 Vitae
497 2465 611 2496 clausit
636 2465 760 2500 ultima.
1074 2465 1257 2501 Decoratur
1282 2469 1400 2503 anima.
