1654 2756
697 129 933 165 -46-

191 230 254 261 4a.
281 228 466 262 Aedificata
491 234 540 261 est
565 229 649 260 enim
859 226 918 260 4b.
947 226 1088 259 Claritas
1114 230 1273 266 perpetua
1297 225 1374 257 hinc

277 280 441 310 structura
944 273 1085 314 refulget

276 325 356 357 haec
382 327 456 358 aula
481 323 646 366 perfecta3
944 331 1005 363 per
1030 327 1147 354 cuncta
1170 322 1310 355 saecula.

189 419 250 449 53.
278 416 365 456 Ergo
392 417 540 456 petimus,
859 414 918 448 5b.
944 414 1040 448 Celsa
1065 413 1179 454 gloria,

273 463 418 505 Suscipq
444 464 519 496 laus
941 463 1049 502 Prece,
1076 464 1148 494 voto

273 512 474 555 anyelorum,
503 512 638 545 laudmn
941 510 1085 551 supplici
1108 512 1223 542 nostra
1249 519 1333 550 quae

271 561 425 593 carmina
451 561 539 593 laeta
941 559 1041 591 mittit
1066 562 1195 592 caterva

275 618 313 640 ac
338 618 432 650 nova,
944 608 1095 648 plurima.

190 704 250 735 6a.
278 701 437 741 clangunt
465 701 599 733 boantes
627 701 770 732 carmina
859 700 921 733 6b.
950 701 1156 732 Incessanter
1181 699 1366 739 clamantia,

276 749 422 789 angelica
947 748 1162 787 ardentesque

277 797 346 829 Deo
373 800 605 838 concrepantes
947 796 1016 828 Deo
1042 795 1299 837 propinquantes

277 846 365 876 milia
946 844 988 876 ad
1015 843 1142 877 throna.

193 939 252 970 72.
279 937 323 969 Et
347 937 533 977 archangeli
557 940 589 968 te
609 936 796 968 collaudant
861 936 921 969 7b.
950 932 1496 974 CherubimquoqueacSeraphim‚

279 985 553 1026 incendentesque
565 994 650 1016 nunc
658 985 795 1017 adorant
946 987 1066 1024 quanto
1081 983 1247 1014 intuentur
1260 982 1345 1024 plus,
1366 981 1468 1022 magis

282 1034 417 1073 vestigia
429 1046 436 1075 3
948 1031 1198 1064 inflammantur.

192 1128 252 1159 Sa.
279 1125 401 1165 Regum
428 1126 496 1166 regi
860 1124 920 1158 81).
948 1124 1035 1155 Deus
1062 1126 1182 1164 noster,

283 1182 359 1204 voce
386 1175 480 1206 simul
507 1174 709 1214 proclamant
736 1174 768 1204 in
949 1172 1110 1203 caelorum
1137 1172 1227 1203 Iesus
1255 1170 1410 1209 salvator,

283 1226 415 1254 aeterna
442 1222 566 1262 patria:
950 1220 1004 1260 qui
1026 1228 1098 1251 cum
1124 1223 1217 1260 patre
1241 1222 1358 1251 manet.

198 1316 258 1347 9a.
286 1313 448 1353 Plebsque
474 1310 584 1358 [haec]
611 1313 765 1344 nonnulla
864 1312 923 1346 9b.
951 1313 1005 1344 Ad
1032 1316 1064 1343 te
1091 1312 1274 1351 clamantia,

281 1362 326 1393 Te
352 1361 546 1394 collaudans
570 1361 699 1403 adorat,
907 1368 912 1372 ·
951 1361 996 1393 Et
1021 1361 1109 1392 dona
1130 1370 1192 1400 per
1216 1359 1359 1401 saecula,

282 1412 392 1442 sancte
415 1420 482 1451 reor,
510 1410 546 1441 sin
572 1410 633 1442 hac
659 1409 749 1441 aula.
950 1412 1067 1441 sancta
1092 1408 1316 1450 tabernacula,

287 1459 343 1490 Pia
369 1467 442 1490 nam
469 1458 569 1490 corda
951 1457 1064 1489 Laude
1090 1457 1261 1497 condigna.

174 1552 216 1584 10
229 1560 258 1582 a.
287 1550 392 1582 Hodie
420 1560 496 1582 voce
843 1549 924 1584 lOb.
953 1550 997 1582 Ut
1023 1549 1173 1589 largiaris

284 1599 414 1631 assidua
951 1598 1045 1629 nobis
1071 1607 1188 1638 magna

287 1656 458 1687 precamur
483 1652 526 1686 te,
554 1647 691 1678 Domine
951 1647 983 1677 in
1011 1650 1143 1677 aeterna
1169 1645 1273 1685 gloria

286 1696 415 1728 Christe
441 1705 508 1735 rex,
536 1695 710 1735 supplices,
953 1703 1051 1734 regna
1078 1698 1246 1733 perpetua.

174 1788 256 1820 lla.
286 1788 445 1826 Clemens,
842 1785 923 1819 11b.
953 1785 1095 1825 Cumque

288 1836 446 1876 gloriosus
474 1845 540 1873 rex,
567 1836 716 1875 petimus,
955 1834 1082 1865 veneris
1108 1833 1256 1865 ultimum
1284 1833 1380 1873 diem,

286 1888 320 1915 ut
348 1884 529 1916 miserearis
556 1884 658 1921 nobis,
954 1882 1114 1914 collocare
1141 1882 1284 1922 digneris
1311 1891 1368 1914 nos

286 1932 498 1973 conditorque
524 1933 654 1971 mundi;
955 1931 997 1963 ad
1024 1937 1111 1962 tuam
1137 1931 1316 1964 dexteram.

531 2026 587 2058 12.
616 2024 684 2055 Fac
710 2032 768 2055 nos
795 2022 936 2063 gaudere
962 2026 1066 2054 tecum

609 2073 643 2104 in
668 2076 800 2104 aeterna
826 2071 907 2102 caeli
930 2080 1040 2112 regua.

247 2151 365 2177 Prosar.
388 2160 440 2177 ωε.
462 2151 676 2177 Moissiacense
697 2157 773 2176 saec.
798 2147 1114 2182 1¹l12.(Privatbesitz).
1129 2163 1166 2167 -—
1180 2149 1278 2182 Daux,
1299 2149 1319 2176 l.
1341 2158 1375 2182 c.,
1398 2159 1424 2185 p⁴
1450 2148 1504 2177 141

170 2199 212 2223 sq.
235 2203 270 2208 ——
292 2187 344 2220 21),
370 2188 383 2216 1
406 2193 536 2217 resonat.
560 2206 592 2209 -
615 2187 667 2222 21),
689 2186 707 2216 3
728 2188 828 2215 omnia
850 2187 1034 2222 symphonia.
1056 2204 1093 2207 —
1115 2185 1166 2219 3³,
1187 2185 1205 2215 3
1226 2190 1346 2224 iamque
1368 2192 1446 2216 sunt.
1468 2204 1506 2208 —-

169 2227 222 2257 31),
237 2226 254 2255 2
279 2229 336 2255 iam
358 2228 465 2256 dicata.
481 2243 518 2247 —
533 2226 584 2261 3b,
601 2226 619 2255 3
633 2228 755 2255 saxibus
772 2226 920 2253 ersche'mt
933 2226 1122 2263 verdachtigz
1145 2227 1182 2254 ob
1197 2227 1352 2254 verlesen?
1368 2242 1405 2246 -—
1420 2227 1472 2261 5b,
1488 2226 1507 2256 3

168 2272 341 2303 nostraque.
367 2282 400 2285 —
421 2267 473 2301 6b,
499 2266 513 2295 1
536 2267 705 2296 Clamantia
726 2267 790 2293 Deo
816 2266 1000 2292 incessanter
1026 2265 1086 2292 ard.
1109 2280 1145 2283 —
1167 2264 1220 2297 61),
1240 2263 1259 2293 3
1288 2275 1305 2293 a
1329 2266 1447 2294 throno.
1469 2284 1505 2288 -

170 2306 222 2338 71),
245 2305 262 2333 2
290 2308 406 2333 intuent
433 2310 462 2334 te
488 2307 563 2343 plus.
593 2323 629 2326 —
658 2305 712 2338 91),
733 2304 752 2332 4
778 2303 906 2332 Laudes.
931 2320 963 2323 —
986 2302 1057 2337 loa,
1080 2302 1094 2330 1
1124 2313 1167 2340 sq.
1198 2313 1286 2331 voces
1313 2306 1442 2333 assidue.
1470 2322 1507 2327 —

172 2344 241 2377 101),
260 2344 273 2372 1
297 2345 337 2372 Ut
357 2346 507 2374 misereris
527 2346 588 2375 (cfr.
614 2345 682 2379 lla„
697 2343 737 2379 3).
753 2360 790 2364 —
810 2341 879 2375 IOb,
897 2341 915 2369 2
936 2351 979 2378 sq.
1002 2351 1110 2378 magna
1130 2343 1210 2370 steht
1229 2343 1328 2371 hinter
1348 2345 1455 2380 gloria.
1469 2360 1509 2364 —

173 2383 206 2411 11
218 2393 243 2415 a,
258 2383 276 2411 3
290 2393 353 2411 nos.
379 2399 412 2403 —
438 2383 538 2419 11b‚3
553 2385 657 2421 dignes
672 2393 737 2412 uos.
750 2397 789 2402 -—·
808 2381 937 2410 Melodie
952 2381 1090 2408 sichtlich
1101 2381 1170 2417 jene
1184 2391 1244 2409 von
1265 2382 1508 2418 „Castrorum

173 2422 318 2460 proles“
339 2423 436 2456 (Anal.
458 2425 525 2455 Vn,
554 2425 606 2452 Nr.
627 2422 710 2457 226),
737 2421 868 2450 namlich
896 2420 1084 2456 „Adorabo
1109 2419 1255 2457 maior“‚
1285 2422 1333 2449 die
1355 2425 1444 2451 somit
1463 2424 1510 2452 fiir

172 2463 221 2491 die
243 2463 545 2500 Klauselnabteilung
565 2472 625 2491 von
646 2464 763 2491 Nutzen
783 2469 854 2488 war.
