1654 2756
719 144 1000 185 -’7Ο--ι

160 244 220 276 4a.
255 243 346 275 Lava
373 243 479 275 cordis
507 242 629 282 vitium,
863 240 924 274 4b.
950 239 1064 271 Flecte
1091 238 1218 270 dulcem
1245 235 1357 276 filium,

254 290 304 323 Ne
331 292 437 323 carnis
464 291 596 322 exitium
951 287 995 320 Ut
1022 286 1114 318 nobis
1140 285 1297 318 auxilium

302 339 462 378 Sequatur
487 338 694 379 supplicium.
998 335 1112 368 Mittat
1137 335 1170 367 in
1197 333 1360 366 exsilium.

164 410 224 441 5a.
252 407 303 438 Da
331 407 394 437 tuis
421 406 571 438 fidelibus
863 405 924 440 5b.
951 404 1002 436 Da
1028 403 1158 435 virtutis
1186 401 1348 441 meritum,

251 455 304 487 Ad
331 458 363 485 te
389 454 626 495 suspirantibus
950 453 1002 485 Da
1028 452 1142 484 salutis
1169 451 1303 490 exitum,

300 503 453 542 Optatum
481 503 646 536 solacium.
998 500 1049 532 Da
1075 508 1218 541 perenne
1245 497 1408 539 gaudium.

233 570 317 597 Miss.
346 570 525 606 Stregneuse
551 571 621 604 imp.
650 569 788 596 Lubecae
817 566 899 596 1487.
929 582 965 586 —-
994 566 1139 594 Melodie:
1171 567 1226 594 Die
1253 564 1495 601 Pfingstsequenz

159 607 296 645 gleichen
321 608 477 646 Aufanges.
500 623 537 627 —-
559 608 615 635 Cfr.
639 607 809 643 Klemming
829 607 869 639 11,
893 605 954 634 176.

599 711 644 742 57.
678 710 719 740 De
742 708 937 741 visitatione
961 708 1048 739 BMV.

663 782 742 813 Per
768 782 984 814 Octavam.

172 861 232 892 la.
261 860 378 890 Vocem
413 859 539 890 dulcem
567 861 597 888 et
623 857 796 890 iucundam
867 856 927 890 1b.
956 856 1020 888 Per
1046 865 1140 895 quam
1167 859 1271 888 matre
1297 856 1439 887 salutata

256 907 459 945 Recolamus,
487 916 568 946 quae
596 904 768 937 fecundam
956 904 1068 936 Proles
1093 905 1201 946 gestit,
1229 904 1286 935 sed
1315 906 1452 944 cognata

258 955 348 986 Piam
380 955 494 994 pandit
520 959 616 994 atque
643 953 796 986 mundam
957 952 1093 992 Clamat,
1121 953 1233 984 laudat
1261 952 1424 983 admirata

304 1003 405 1034 Matri
431 1008 565 1034 matrem
593 1002 769 1042 virginem3
1002 1000 1098 1032 Vocis
1126 1001 1166 1033 ad
1196 1001 1414 1033 dulcedinem.

167 1074 228 1106 2a.
257 1071 361 1112 Salve,
388 1080 506 1110 parens
533 1070 715 1108 salvatoris,
867 1068 930 1104 2b.
958 1068 1065 1109 Salve,
1093 1068 1167 1100 huic
1195 1065 1307 1112 [quae]
1336 1068 1466 1106 dedisti,

259 1120 360 1158 Quam
388 1119 516 1157 parenti
542 1117 764 1158 praecursoris
955 1117 1024 1155 Quo
1050 1117 1169 1148 laetam
1198 1117 1324 1148 domum
1354 1115 1471 1156 fecisti,

258 1167 394 1198 Dulcem
421 1166 529 1206 prodit
559 1166 662 1197 dulcis
688 1166 753 1197 oris
955 1164 1013 1196 Cui
1040 1165 1145 1196 Iesum
1172 1165 1348 1205 ingessisti,

308 1214 421 1246 Dulcis
447 1214 617 1246 salutatio!
1003 1213 1068 1244 Per
1094 1222 1187 1253 quem
1215 1213 1249 1245 fit
1277 1213 1425 1245 salvatio.

168 1283 187 1315 3
205 1292 233 1316 a.
263 1282 369 1319 Salve,
396 1283 485 1322 virgo
514 1281 694 1319 benedicta,
869 1281 928 1314 3b.
956 1281 1024 1320 Qua
1051 1282 1179 1321 purgati
1207 1282 1386 1322 visitemur,

260 1330 395 1362 Lumine
423 1330 500 1361 solis
527 1329 655 1368 amicta,
958 1329 1087 1361 Visitati
1115 1329 1345 1365 confortemur,

258 1378 380 1410 Nostra
415 1381 531 1417 purget
556 1386 637 1417 quae
665 1377 795 1410 delicta.
954 1375 1135 1410 Consonati
1164 1379 1364 1418 gratulemur

304 1426 371 1457 Das
398 1427 502 1457 lucem
529 1425 715 1463 salubriter,
1004 1425 1046 1457 Et
1073 1427 1236 1458 salvemur
1261 1427 1388 1467 iugiter.

236 1493 368 1519 Oration.
398 1502 450 1519 ms.
478 1492 506 1519 S.
534 1491 684 1519 Caeciliae
713 1491 902 1519 Coloniensis
933 1500 1008 1519 saec.
1039 1491 1081 1519 15.
1127 1493 1196 1520 Cod.
1226 1493 1379 1521 Colonien.
1411 1493 1434 1520 l.
1463 1511 1498 1514 —

161 1531 304 1558 Melodie:
330 1531 506 1565 „Verbum
530 1528 686 1557 bonum.“

531 1634 579 1665 58.
612 1634 645 1664 In
669 1633 789 1665 octava
813 1633 1013 1665 Visitationis
1036 1635 1124 1666 BVM.

173 1707 232 1739 la.
259 1706 316 1743 Te,
344 1706 465 1745 regina,
495 1706 638 1746 colimus,
870 1706 931 1741 lb,
958 1706 1046 1745 Quae
1073 1715 1107 1738 es
1134 1708 1165 1739 in
1193 1707 1349 1747 angustiis

257 1753 331 1785 Tibi
358 1754 471 1786 laudes
499 1754 640 1785 canimus
956 1754 999 1786 Et
1024 1755 1056 1786 in
1084 1755 1179 1787 rebus
1207 1755 1314 1787 dubiis

303 1802 353 1833 Ex
381 1802 496 1834 affectu
523 1802 680 1838 cordium,
1007 1802 1100 1835 Salus
1128 1808 1159 1835 et
1184 1804 1338 1836 solacium

169 1871 231 1918 2³.
258 1869 285 1902 Ο
308 1869 404 1901 stella
429 1868 646 1909 praefulgida,
868 1870 929 1903 2b.
957 1870 1096 1902 Simonis
1123 1872 1273 1904 navicula

258 1918 307 1949 Tu
334 1918 405 1949 dira
431 1918 607 1950 certamina
957 1918 1034 1950 Filii
1062 1917 1206 1952 funicula

304 1966 409 1998 Maris
434 1967 527 1998 huius
554 1966 712 2007 reprime;
1006 1966 1055 1998 Ne
1083 1969 1260 2009 scindatur,
1289 1969 1439 2010 prohibe.

170 2036 230 2068 3a.
259 2035 374 2066 Portus
401 2033 631 2073 navigantium,
869 2034 929 2067 3b.
959 2034 1132 2068 Consolare
1158 2035 1294 2078 flebiles,

259 2083 376 2115 Preces
402 2082 653 2122 supplicantium
957 2082 1037 2115 Iuva
1064 2085 1286 2123 pusillanimes

308 2130 466 2163 Filiorum
493 2130 631 2170 suscipe.
1004 2132 1048 2163 Et
1074 2138 1220 2165 errantes
1249 2135 1386 2175 corrige.

169 2203 229 2233 4a.
255 2199 342 2238 Quae
370 2198 471 2230 Deum
499 2197 681 2229 hominibus
872 2198 933 2232 4b.
960 2198 1121 2232 Haereses
1146 2201 1306 2244 interime,

258 2247 300 2279 Et
327 2246 392 2278 ima
419 2246 612 2279 caelestibus
958 2246 1116 2280 Scismata
1142 2252 1177 2280 tu
1204 2249 1335 2282 destrue

306 2295 428 2337 Iungis,
455 2305 473 2327 ο
500 2303 674 2335 puerpera,
1008 2294 1120 2328 Firma
1145 2298 1249 2337 patris
1277 2298 1423 2334 dextera.

606 2365 637 2396 5.
664 2363 768 2395 Amen
801 2363 911 2395 dicant
937 2363 1054 2397 omnia.

238 2430 321 2457 Miss.
354 2437 407 2456 ms.
440 2430 665 2457 Sarisburiense
696 2437 772 2457 saec.
806 2427 850 2456 15.
904 2428 974 2456 Cod.
1010 2429 1122 2466 Colleg.
1156 2432 1295 2461 Omnium
1326 2435 1500 2464 Animarum

158 2469 304 2499 oxomen.
331 2466 375 2495 ll.
397 2466 484 2506 [Ba.].
506 2483 542 2487 —
565 2467 616 2502 2a,
645 2467 658 2495 1
681 2468 706 2496 Ο
727 2467 807 2497 fehlt.
