1654 2756
647 155 914 191 —273—

133 257 196 291 78..
227 255 396 290 Converso
422 256 493 289 viro
519 254 663 297 simplici
837 252 900 288 711.
932 253 1072 287 Ostensa
1097 250 1151 292 qui
1178 249 1333 286 Parisius,

233 306 385 346 Apparet
411 305 504 346 virgo
530 304 654 346 triplici
933 302 1094 335 Iohannes
1122 299 1237 341 dictus,
1265 297 1359 329 citius

282 353 459 387 Praeclara
486 354 621 395 visione,
983 349 1135 390 Implevit
1161 347 1297 380 actione.

135 453 198 486 8a.
231 452 374 492 pergens
401 460 477 491 ergo
503 449 681 486 Coloniam,
840 448 903 482 8b.
935 448 1031 481 Certo
1056 447 1168 487 prodit
1195 445 1316 478 indicio

235 500 409 533 Civitatem
436 499 610 540 egregiam,
938 498 1017 529 Visa
1044 495 1106 528 civi
1133 493 1288 535 primario

283 548 414 580 Summo
441 556 512 579 cum
540 543 706 578 conamine
986 545 1086 586 Haec,
1114 542 1285 582 Arnulpho
1311 540 1450 574 nomine.

139 647 199 680 9a.
231 645 293 684 Qui
319 646 449 676 recusat
475 642 544 674 fodi
571 641 712 679 hortum,
841 645 906 679 9b.
938 642 1057 676 Uxoris
1082 639 1184 672 flexus
1210 638 1379 678 prudentis

237 692 384 725 Tumulis
411 691 533 723 mirans
571 692 756 722 consortum
941 693 1040 725 prece
1068 689 1204 720 devotae
1230 692 1261 718 et
1287 686 1403 718 mentis

287 740 449 773 Semotam
478 740 561 771 hanc
580 738 756 778 virginem;
987 741 1048 774 Dei
1075 737 1165 769 audit
1191 735 1360 768 hominem.

117 839 161 873 10
172 848 202 873 a.
233 837 343 870 Altius
368 837 443 868 hinc
470 834 632 868 fodientes
822 835 866 869 10
877 835 908 867 b.
939 835 1045 866 Adest
1071 836 1176 866 clerus
1204 842 1272 866 cum
1300 833 1422 874 populo

238 886 406 927 Reliquias
432 884 618 917 redolentes
941 883 1104 915 Honorem
1132 884 1247 915 dantes
1273 882 1378 914 loculo

264 937 423 969 Invenere
448 933 584 973 pariter.
990 931 1133 971 Virginis
1160 931 1318 964 hilariter.

121 1033 163 1066 11
181 1041 211 1065 a.
243 1031 345 1071 Aegri
370 1030 482 1071 plures
508 1028 719 1066 sanabantur,
823 1028 865 1060 11
879 1027 911 1059 b.
943 1027 1015 1059 Hoc
1041 1029 1193 1060 thesauro
1220 1028 1397 1068 decoraris,

242 1079 361 1112 Grates
389 1078 458 1111 Deo
485 1077 697 1110 solvebantur
942 1075 1081 1116 Hoyum,
1108 1080 1204 1117 atque
1231 1074 1410 1108 defensaris

292 1127 401 1159 Plebis
429 1136 500 1158 cum
528 1125 685 1164 tripudio.
992 1124 1096 1156 Huius
1124 1125 1315 1164 patrocinio.

119 1225 163 1259 12
176 1234 204 1257 a.
237 1226 320 1266 Ave,
347 1227 461 1255 sancta
487 1220 604 1263 Odilia,
824 1221 865 1253 12
880 1220 910 1252 b.
943 1220 1012 1259 Quo
1038 1221 1149 1252 mundi
1177 1225 1248 1260 post
1276 1220 1438 1252 miseriam

243 1274 305 1304 Pro
331 1271 425 1304 nobis
452 1268 504 1302 fer
530 1268 683 1309 suffragia
945 1269 1077 1301 Plenam
1112 1274 1298 1301 cunctorum
1332 1269 1458 1300 veniam

291 1320 456 1353 Summum
481 1322 557 1351 ante
574 1317 760 1356 Dominum,
992 1317 1178 1350 Habeamus
1206 1318 1385 1358 criminum,

120 1419 165 1454 13
179 1428 209 1453 a.
240 1417 292 1450 Ne
316 1426 375 1450 nos
399 1425 461 1456 pro
486 1419 598 1447 nostro
625 1414 705 1446 vitio
824 1415 868 1448 13
880 1415 913 1447 b.
945 1414 1009 1446 Sed
1037 1415 1101 1447 tuis
1127 1416 1248 1447 sanctis
1274 1415 1426 1456 precibus

243 1465 359 1499 Orbati
385 1465 507 1498 Christi
532 1463 637 1504 pretio
943 1463 1100 1496 Adiuncti
1126 1464 1210 1495 caeli
1237 1464 1360 1496 civibus

293 1514 482 1547 Cruciemur
508 1513 661 1553 graviter,
991 1512 1177 1545 Gloriemur
1201 1513 1328 1552 iugiter.

198 1621 289 1650 Grad.
318 1628 372 1648 ms.
395 1618 625 1655 Crucigerorum
649 1618 874 1646 Coloniensium
901 1628 978 1646 saec.
1010 1616 1053 1645 15,
1078 1618 1149 1646 cod.
1174 1618 1285 1646 Semin.
1309 1618 1463 1646 Colonien.

123 1659 167 1690 lO.
189 1662 224 1689 A.
245 1675 284 1680 —
305 1659 394 1687 Grad.
417 1667 471 1686 ms.
495 1658 722 1693 Crucigerorum
746 1657 970 1686 Coloniensium
993 1666 1069 1685 saec.
1095 1657 1137 1685 15.
1160 1658 1232 1685 Cod.
1248 1658 1357 1686 Semiu.
1375 1658 1461 1686 Colo-

121 1701 200 1729 uien.
233 1698 278 1728 14.
308 1699 344 1726 B.
371 1713 409 1716 —
438 1698 530 1726 Grad.
559 1706 613 1724 ωε.
641 1696 670 1724 S.
699 1697 835 1734 Agatbae
862 1698 933 1724 anni
964 1695 1048 1724 1512.
1075 1697 1147 1724 Cod.
1172 1697 1201 1724 S.
1223 1697 1359 1734 Agathae
1387 1697 1466 1733 apud

121 1738 209 1776 Cuyk
230 1749 253 1767 s.
275 1748 303 1767 n.
327 1738 358 1766 C.
381 1751 419 1756 —-
442 1736 491 1769 la,
518 1735 531 1763 1
555 1744 748 1772 personemus
771 1736 802 1763 C.
824 1750 860 1755 -
886 1735 937 1771 la,
957 1734 975 1762 3
998 1736 1075 1764 hunc
1101 1737 1131 1764 C.
1158 1750 1192 1755 -μ
1213 1735 1264 1767 31),
1288 1734 1377 1764 2Mit
1397 1736 1463 1763 dem

122 1779 227 1808 Worte
248 1779 346 1806 Datur
367 1776 456 1805 endet
477 1776 524 1804 die
547 1780 684 1812 hequenz
707 1777 737 1803 in
761 1776 792 1803 C.

592 1940 661 1971 302.
702 1939 746 1971 De
770 1941 879 1971 sancto
903 1938 1011 1970 Olavo.

549 2044 578 2076 1.
607 2042 679 2074 Lux
704 2041 814 2074 illuxit
839 2041 1046 2083 laetabunda,

604 2091 676 2124 Lux
704 2091 852 2132 illustriS,
878 2091 935 2123 lux
962 2091 1113 2132 iucunda,

654 2141 725 2172 Lux
753 2140 851 2181 digna
876 2140 1062 2180 praeconio.

603 2190 640 2222 In
666 2189 800 2222 solenne
826 2188 979 2230 gaudium

608 2240 801 2280 prorumpat
825 2237 972 2271 fidelium

653 2288 788 2322 Sincera
814 2286 955 2319 devotio.

122 2401 186 2434 2a.
218 2397 388 2431 Gloriosus
415 2397 511 2430 hodie
828 2394 891 2428 2b,
924 2395 988 2427 Pro
1013 2394 1155 2426 aeternis
1183 2394 1295 2427 brevia

222 2446 346 2480 Christi
370 2450 507 2489 martyr,
536 2446 659 2487 gloriae
929 2443 1148 2476 Commutavit
1175 2444 1293 2484 gaudia

270 2494 470 2528 Sublimatus
497 2495 590 2536 solio,
978 2491 1081 2524 Felici
1108 2494 1311 2528 commercio.

182 2555 303 2580 Blume
312 2575 317 2584 ,
335 2554 508 2583 Sequentia
524 2553 662 2577 Ineditae.
695 2551 773 2576 VIII.
1259 2549 1293 2580 18
