1654 2756
215 247 276 278 5a.

218 480 282 512 62.

222 713 285 745 7a.

757 147 1021 184 —167—

312 245 413 278 Libro
439 245 535 277 Pauli
561 255 635 278 mox
661 246 810 287 inspecto

311 294 448 327 Manum
476 296 574 327 vertit
600 295 634 326 in
662 296 788 328 directo

311 343 366 376 Ad
393 342 440 382 id,
468 344 554 384 quod
581 343 644 376 sibi
669 342 819 385 profecto

363 393 570 432 Congruebat
597 393 748 431 obvium3

319 481 399 512 Post
424 479 515 519 haec,
544 489 615 512 cum
643 479 825 520 repatriare

318 529 388 560 Iam
414 529 579 568 coepisset
602 529 731 568 iamque
758 537 849 560 mare

316 576 358 609 Se
384 580 518 618 pararet
543 581 756 613 transmeare,

364 625 476 657 Mater
502 625 588 657 hunc
613 624 818 665 adloquitur:

321 713 392 745 Nec
418 713 555 744 multum
579 721 688 745 seeum
707 720 862 757 moratus,

315 761 395 793 Cum
421 761 568 801 Hipponi
591 763 721 801 praesul
750 763 844 795 datus

317 809 488 842 Generalis
517 810 553 841 fit
580 810 704 850 legatus

365 859 471 898 Super
497 867 623 892 omnem
651 858 820 903 African13

278 972 285 979 .
325 947 496 986 Postquam
525 947 635 979 multis
661 949 844 990 aggregatis

317 995 472 1028 Normam
499 996 632 1036 scripsit
657 997 803 1037 unitatis,

317 1044 372 1076 Ius
398 1044 528 1076 solvens
555 1046 767 1079 humanitatis

367 1093 550 1126 Coronatur
577 1094 721 1126 caelitus.

248 1200 276 1211 ι.
314 1181 351 1212 In
380 1180 483 1212 forma
510 1181 688 1213 materialis

314 1228 404 1261 Fons
431 1229 580 1268 signatur
607 1230 775 1269 spiritalis,

315 1278 374 1316 Qui
403 1277 443 1308 de
469 1278 542 1317 ipso
567 1278 720 1318 specialis

367 1327 476 1359 Fluxit
502 1327 606 1358 instat·
632 1326 732 1360 fluvii.

922 247 986 280 5b.

923 481 986 514 6b.

923 948 988 982 8b.

922 1180 983 1214 9b.

1024 249 1104 282 Mox
1129 248 1201 280 luce
1228 247 1415 279 securitatis

1019 297 1125 330 Pulsis
1150 296 1274 328 umbris
1301 295 1467 328 caecitatis

1019 345 1211 386 Baptizatur
1237 344 1389 386 puritatis

1069 393 1173 426 Fonte
1199 403 1259 434 per
1285 392 1502 425 Ambrosium.

1026 485 1085 525 „In
1112 485 1144 514 te
1170 483 1248 514 mihi
1276 491 1334 522 spe
1361 481 1522 521 completa

1021 532 1107 570 Opto
1133 531 1216 562 mori
1241 535 1345 563 morte
1371 529 1527 572 spreta“·‚

1023 579 1064 610 Et
1092 579 1152 610 hoc
1179 579 1266 610 dicto
1292 583 1379 611 sorte
1406 580 1493 611 laeta

1072 627 1166 659 Nono
1193 628 1245 659 die
1272 628 1419 660 solvitur,

1026 716 1105 747 Mox
1132 718 1279 746 errantes
1306 716 1505 756 expugnavit

1021 764 1064 796 Et
1091 763 1237 795 diversas
1262 767 1366 795 sectas
1393 764 1518 807 stravit,

1022 812 1115 844 Mille
1141 812 1234 843 libris
1262 812 1419 844 revelavit

1071 860 1187 892 Fidem
1216 861 1446 900 evangelicam.

1030 948 1132 981 Huius
1159 949 1230 980 loco
1257 949 1444 988 sepulturae

1024 998 1110 1029 Vena
1138 996 1240 1029 fluens
1267 1006 1369 1037 aquae
1396 1006 1506 1038 purae,

1022 1047 1121 1078 Festo
1148 1046 1259 1078 reddit
1285 1055 1349 1077 non
1376 1051 1511 1077 naturae

1070 1093 1131 1125 Die
1158 1094 1226 1125 eius
1252 1093 1369 1125 obitus.

1021 1182 1142 1213 Fontes
1167 1181 1262 1218 sacri,
1291 1179 1396 1213 fontes
1423 1181 1515 1217 tales,

1019 1229 1153 1262 Morbos
1172 1233 1287 1261 sanant
1305 1229 1380 1261 huic
1399 1230 1509 1262 carnal
1518 1239 1562 1267 es,

1020 1279 1073 1310 Illi
1100 1277 1231 1309 morbos
1258 1278 1423 1319 spiritales

1070 1327 1198 1359 Virtute
1222 1328 1380 1367 mysterii.

580 1414 634 1447 10.
679 1415 772 1448 Nunc
799 1416 832 1447 in
859 1416 923 1448 fine
950 1419 983 1447 te
1011 1424 1193 1457 precamur,

678 1465 734 1504 Te,
763 1473 856 1504 quem
885 1467 1013 1505 patrem
1038 1472 1240 1502 veneramur,

679 1514 725 1546 Ut
751 1516 782 1543 te
810 1513 891 1545 duce
918 1517 1128 1553 protegamur

681 1562 723 1593 Et
748 1570 807 1593 nos
832 1566 939 1593 tecum
966 1562 1141 1593 sortiamur

727 1610 822 1650 Spem
852 1611 1005 1650 perennis
1032 1610 1152 1650 gaudii.

296 1716 370 1743 Pros
392 1719 421 1743 et
445 1716 555 1751 Hymn.
579 1726 631 1743 nis,
654 1718 882 1745 Mart-hianense
905 1726 982 1745 saec..
1012 1716 1054 1744 15.
1078 1716 1148 1743 cod.
1168 1718 1300 1744 [macen.
1326 1715 1390 1744 123.
1412 1731 1448 1736 ——
1472 1716 1528 1746 31),
1550 1717 1568 1744 4

218 1755 383 1821 doctorililrn.
408 1769 448 1776 —
477 1754 536 1787 4b‚
563 1755 581 1783 4
611 1757 792 1784 clamitatur.
819 1772 856 1775 ——
884 1757 943 1788 6η,
974 1755 992 1781 ἰ).
1021 1759 1146 1792 Sperare
1176 1760 1369 1783 transmeare.
1400 1771 1436 1776 —-
1464 1755 1524 1789 912,
1551 1755 1569 1783 2

217 1797 307 1821 sanat
350 1804 386 1821 ic.

217 1992 278 2024 la.

216 2279 276 2311 2a.

578 1899 640 1932 178.
659 1901 713 1940 [De
735 1911 760 1932 s.
785 1901 961 1942 Augustino
984 1900 1208 1942 Zagrabiensi.

315 1991 388 2033 Eia,
416 1991 547 2032 plaude,

365 2040 496 2074 Laudes
524 2051 640 2084 pange,

316 2089 422 2122 Corde
447 2091 564 2131 gaude,

366 2139 451 2171 Voce
478 2139 593 2181 clange

410 2187 531 2229 Magno
557 2193 612 2221 tuo
639 2189 805 2231 praesuli3

315 2276 400 2310 Nam
428 2276 569 2310 millenis

360 2326 406 2359 Te
434 2331 570 2359 coronat

310 2377 355 2409 Et
381 2375 525 2408 amoenis

359 2424 479 2457 Adhuc
503 2428 600 2458 ornat

408 2472 537 2507 Insulas
562 2473 804 2514 splendoribus,

925 1993 987 2027 lb.
1024 1994 1093 2026 Tuo
1122 1993 1195 2024 duci

1069 2042 1163 2074 Nunc
1190 2043 1231 2073 ad
1258 2051 1343 2083 aras,

1022 2092 1110 2123 Tuae
1137 2091 1202 2122 luci

1070 2140 1185 2172 Redde
1213 2140 1319 2171 claras

1118 2188 1247 2229 Grates,
1273 2188 1350 2219 urbs
1377 2187 1548 2229 Zagrabia.

923 2277 988 2310 2b.
1025 2277 1104 2309 Illas
1133 2277 1264 2315 praesul

1071 2324 1155 2358 Olim
1184 2325 1279 2364 rexit,

1020 2374 1121 2406 Istinc
1147 2374 1238 2405 exsul

1069 2421 1144 2455 Non
1170 2423 1314 2463 neglexit

1119 2471 1311 2504 Translatus
1338 2472 1519 2506 Luceriam.
