1654 2756
166 220 228 249 4a.

165 441 224 471 5a.

702 113 965 150 —184—

264 215 489 249 Praedicatrix
516 213 650 254 gratiae,

260 265 344 297 Dum
371 263 512 296 hortaris
539 261 669 302 publice

259 313 383 346 Milites
410 311 582 352 ecclesiae3

308 361 416 401 Virgo,
444 362 543 392 salve.

262 439 287 470 Ο
317 437 394 469 felix
422 435 573 475 Caecilia,

259 486 401 525 Fulgens
427 485 515 517 velut
539 484 618 522 lilia,

263 534 353 566 Mala
378 537 486 574 tergas
512 532 634 572 omnia;
659 569 667 575 ἡ

310 582 422 623 Virgo,
448 582 547 613 salve.

857 210 921 244 4b.
956 209 1181 243 Rubicundam
1207 206 1365 248 sanguine

954 259 1001 291 Te
1026 258 1124 290 sumit
1149 266 1207 290 rex
1233 255 1356 298 gloriae

955 307 1093 339 Nactam
1119 305 1250 338 arrham
1277 302 1434 342 candide;

1007 355 1115 396 Virgo,
1142 354 1241 387 salve.

861 433 923 468 5b.
958 433 1077 465 Tecum
1103 433 1145 464 ad
1170 431 1321 464 aetherea

957 481 1170 514 Sublevemur
1193 479 1311 520 gaudia

957 529 1001 562 Ut
1026 529 1059 561 in
1087 529 1172 561 vitae
1198 536 1356 567 vespera3

1005 577 1116 618 Virgo.
1141 577 1243 609 salve.

247 650 386 685 Sequent.
415 657 469 675 ms.
497 648 525 675 S.
547 648 669 683 Georgii
693 646 887 682 villingensis
914 653 990 672 saec.
1024 643 1067 672 15.
1095 643 1166 671 Cod.
1190 642 1402 671 Carolsruhau.
1424 641 1486 669 Geo

163 686 190 716 3.
214 703 252 707 -
273 687 332 720 5b,
359 687 369 714 l
394 688 435 715 Ut
462 690 566 714 tecum.
588 701 624 705 —
646 687 706 713 Der
727 685 849 713 Refrain
876 685 914 711 ist
942 685 972 710 in
1003 683 1054 711 der
1076 684 1130 710 Hs.
1152 690 1208 709 nur
1229 681 1304 708 nach
1327 681 1378 708 der
1401 682 1498 706 ersten

163 727 222 753 und
244 727 352 754 letzten
376 726 501 761 Strophe
524 726 673 761 angefiigt.
694 739 732 743 -

608 809 666 839 197.
703 809 744 839 De
766 810 878 840 sancta
902 806 1048 839 Caecilia.

167 872 183 904 1
198 881 226 905 a.
263 871 379 913 Choro‚
401 871 530 903 chordis
545 871 648 911 plebs,
668 879 798 910 organo,
860 869 877 902 1
891 868 922 902 b.
958 869 1021 901 Pro
1050 867 1172 908 virgine
1199 865 1353 905 Caecilia,

263 919 445 959 cymbalis,
472 920 606 959 psalmo,
633 923 799 960 tympano,
956 917 1044 956 Quae
1070 915 1152 947 rosis
1178 915 1264 946 inter
1288 913 1357 944 lilia

314 968 445 1000 Cithara
472 968 666 999 iucundatur
1005 964 1113 996 Hodie
1140 962 1370 994 circumdatur.

957 1043 1057 1082 Quem
1081 1040 1232 1073 Urbanus
1259 1037 1448 1079 baptizavit,

955 1090 1096 1123 Unctum
1122 1089 1252 1122 Christo
1279 1084 1479 1118 consecravit

1006 1138 1144 1170 Militem
1171 1136 1383 1168 carissimum.

166 1046 226 1077 2a.
262 1046 389 1084 Agnum
417 1045 457 1076 de
483 1054 600 1085 sponso
628 1043 735 1076 feroce
861 1042 922 1076 2b.

263 1093 362 1132 Virgo
388 1092 541 1123 melliflua
568 1101 647 1124 voce

310 1141 402 1172 Fecit
428 1141 730 1179 mansuetissimum,

965 1217 1083 1248 Frater
1110 1214 1242 1246 fratrem
1271 1214 1323 1253 pia
1351 1220 1448 1252 prece

958 1265 1134 1304 Purgatum
1163 1263 1296 1294 deorum
1322 1259 1413 1292 faece

1006 1312 1147 1344 Domino
1173 1309 1360 1349 adquisivit.

169 1219 228 1250 3a.
264 1217 397 1249 Coronis
423 1218 497 1249 latis
526 1218 565 1249 de
592 1218 680 1249 caelo
862 1216 926 1250 3b.

262 1265 438 1297 Ferventes
465 1266 599 1305 pudoris
625 1265 693 1297 zelo

314 1315 458 1354 Angelus
487 1314 667 1354 redimivit3

167 1392 226 1423 4a.
266 1391 318 1423 Ab
345 1392 451 1431 idolis,
480 1390 688 1422 daemonibus
863 1389 926 1423 4b.

265 1440 388 1471 Multos
414 1440 534 1471 sanctis
560 1438 760 1470 sermonibus

312 1488 364 1519 Ad
393 1487 495 1519 Deum
523 1490 759 1529 converterunt,

960 1390 1046 1429 Quos
1072 1389 1113 1420 ad
1139 1397 1236 1420 saeva
1263 1386 1425 1426 supplicia

963 1438 1026 1469 Pro
1052 1435 1130 1468 fidei
1156 1436 1280 1468 iustitia

1008 1485 1129 1526 Pagani
1156 1484 1375 1516 tradiderunt.

965 1564 1063 1604 Virgo
1088 1561 1224 1594 flammis
1252 1565 1467 1600 concremata,

963 1612 1051 1644 Ense
1077 1610 1209 1642 tandem
1238 1609 1398 1641 decollata

1009 1659 1099 1691 Caeli
1125 1657 1211 1690 subit
1237 1657 1365 1698 gaudia.

168 1568 231 1597 521.
267 1565 383 1605 Capita
410 1564 496 1596 ferro
523 1568 723 1604 truncantur,
864 1564 926 1597 5b.

266 1613 319 1646 Sic
346 1614 377 1644 in
406 1613 504 1645 caelis
529 1617 723 1644 coronantur

312 1661 451 1693 Obtenta
477 1662 622 1693 victoria.

969 1736 1052 1768 Nam
1077 1735 1201 1775 triplici
1228 1735 1372 1767 laureola

965 1785 1002 1816 In
1029 1783 1161 1815 caelesti
1188 1784 1318 1815 aureola

1012 1833 1042 1864 A
1068 1841 1187 1872 sponso
1218 1832 1400 1864 decoratur.

169 1740 189 1771 6
201 1748 229 1771 a.
268 1738 417 1776 Doctrix‚
433 1742 566 1777 martyr⁷
578 1738 679 1777 virgo,
690 1740 803 1777 nupta,
868 1739 887 1770 6
899 1737 930 1768 b.

266 1787 388 1823 Mente,
416 1795 512 1817 carne
539 1787 739 1827 incorrupta,

313 1834 439 1866 Mariae
465 1837 676 1873 coaequatur;

871 1909 931 1942 Ἠ).
969 1910 1013 1943 Ut
1040 1909 1187 1942 mundati
1214 1920 1232 1941 a
1257 1910 1385 1943 delictis

268 1961 299 1992 A
325 1959 417 1991 nobis
444 1959 518 1992 Orci
542 1968 653 1990 amara
966 1958 1205 1999 Coniungamur
1230 1959 1412 1990 benedictis

317 2007 457 2040 Prohibe
483 2007 655 2047 supplicia,
1015 2007 1245 2047 Redemptor-is
1272 2008 1386 2048 gratia.

250 2076 387 2111 Sequent.
423 2084 476 2101 ms.
507 2075 735 2101 Ravennatense
771 2074 842 2100 anni
880 2072 1038 2101 1585—87.
1071 2073 1141 2100 Cod.
1177 2074 1311 2102 Classen.
1345 2072 1402 2101 360
1432 2071 1509 2104 (139.

172 2112 200 2141 5.
235 2114 274 2147 S).
309 2114 343 2141 A.
379 2129 416 2132 —
452 2114 535 2140 Miss.
570 2112 761 2140 Ruthenense
806 2112 874 2138 im.
912 2112 1051 2147 Lugduni
1083 2121 1127 2139 ca.
1165 2111 1248 2140 1540.
1284 2114 1316 2140 B.
1354 2127 1391 2132 -—-
1425 2114 1511 2140 Miss.

174 2152 344 2180 Parisiense
372 2154 442 2188 imp.
472 2152 597 2179 Parisiis
628 2148 710 2178 1585.
732 2151 765 2178 C.
787 2164 824 2168 —
872 2151 902 2183 b,
933 2149 950 2177 3
972 2151 1104 2178 Militum
1125 2152 1157 2179 C.
1180 2167 1216 2170 —
1237 2150 1296 2183 41³,
1329 2151 1341 2178 1
1365 2152 1447 2185 Quos
1479 2156 1511 2179 ut

174 2192 207 2218 A.
230 2207 266 2210 —
287 2190 340 2223 4b‚
364 2190 381 2218 2
402 2191 484 2218 fideli
500 2191 532 2218 C.
554 2204 590 2209 —
612 2188 666 2222 5b,
689 2187 706 2216 3
721 2189 844 2217 Caelum
868 2190 984 2216 scandit
1004 2190 1102 2225 gloria
1118 2191 1148 2217 B.
1170 2205 1207 2208 —
1229 2188 1282 2219 fib,
1308 2189 1320 2217 l
1339 2191 1462 2218 aureola
1477 2191 1509 2218 B.

174 1913 233 1946 7a.
270 1912 295 1944 Ο
322 1921 440 1951 sponsa
466 1911 545 1942 lucis
572 1910 752 1950 praeclara,

537 2265 597 2297 198.
634 2265 677 2296 De
699 2265 808 2295 sancto
831 2263 978 2295 Caesario
1001 2264 1145 2295 Diacono.

878 2325 938 2359 lb.
975 2326 1035 2365 Qui
1062 2326 1227 2365 diaconus,
1254 2327 1389 2369 athleta,

973 2374 1103 2415 Martyr
1129 2373 1221 2406 fulsit
1246 2378 1278 2407 et
1303 2377 1466 2417 propheta.

1021 2423 1125 2455 Cursu
1149 2423 1236 2455 vitae
1261 2424 1364 2459 vario.

175 2331 236 2362 la.
275 2329 368 2369 Fide,
397 2338 464 2371 spe,
493 2337 550 2360 cor
576 2328 712 2360 caritate

275 2378 420 2410 Fervens
445 2387 483 2410 ex
510 2377 675 2409 hilaritate

326 2427 450 2459 Psallat
476 2426 517 2458 de
543 2425 705 2467 Caesario,
