1654 2756
468 209 500 240 6.
527 208 597 240 Rex
623 216 735 248 regum
760 208 893 248 optime,

531 256 630 288 Prece
655 255 770 288 matris
795 260 870 288 tuae

527 303 708 336 Leviathan
735 303 775 335 de
800 302 893 336 fauce

528 352 653 392 Anguis
681 360 741 384 nos
766 352 902 385 extrahe

528 400 693 440 Tuamque
720 409 854 433 cernere

526 448 657 481 Faciem
685 449 741 481 des
767 448 801 481 in
828 449 916 488 Sion,

527 497 587 536 Qui
614 505 648 528 es
673 497 784 530 David
810 502 842 529 et
868 497 1030 530 Salomon.

184 582 273 611 Grad.
296 593 349 610 ms.
364 583 550 611 Eremitense
572 592 649 611 saec.
673 582 717 611 12.
739 584 779 610 in.
814 583 886 612 Cod.
902 585 1064 612 Eremiten.
1087 582 1151 612 114.
1170 584 1236 611 add.
1251 591 1328 611 saec.
1346 580 1389 611 12.
1407 597 1442 602 --

109 620 159 652 la.
186 620 204 648 2
235 630 277 657 sq.
303 622 451 649 Davidica
482 623 612 657 psallite.
643 637 674 640 —
709 622 761 655 lb,
791 620 808 649 2
839 631 883 658 sq.
909 624 1008 658 gratia
1033 622 1254 650 fecundaverat.
1286 637 1319 640 —
1347 618 1398 653 3a‚
1425 619 1444 649 3

110 661 239 696 Dignam
269 661 410 688 sobolem.
438 676 475 680 —
502 658 552 692 Sa,
574 661 592 688 5
621 662 712 695 Quae.
735 675 772 679 —
793 659 847 694 3b,
870 659 886 687 7
915 662 1008 689 Ducis
1037 661 1084 688 ad.
1105 677 1144 680 —
1163 660 1215 694 42,
1237 659 1255 688 5
1282 670 1310 688 u.
1335 659 1353 688 6
1379 669 1442 687 um·

108 700 235 734 gestent.
258 714 294 718 —
317 699 399 727 Nach
421 699 473 731 5a,
495 698 513 726 5
535 700 612 727 steht
633 699 859 736 fiberschfissig:
881 700 974 736 Virgo
994 701 1153 736 virginum.
1176 715 1212 718 —
1233 698 1286 732 5b,
1305 699 1319 727 l
1341 708 1385 735 sq.
1407 699 1444 726 de

108 738 187 765 valle
208 739 376 765 lacrimosa.
398 753 434 757 —
457 738 510 769 51),
532 738 551 765 4
573 739 618 765 fac
641 739 719 765 steht
740 738 816 765 nach
837 739 1075 774 comparticipes.
1097 754 1134 758 —
1155 739 1213 766 Die
1234 737 1373 766 sichtlich
1393 747 1444 774 ge-

107 777 218 804 wahrte
239 778 393 803 Assonanz
415 786 475 804 war
496 777 692 804 stellenweise
714 779 850 811 zerstort;
872 777 964 804 daher
985 778 1083 813 einige
1098 776 1328 813 Umstellungen
1349 777 1442 812 notig.

561 876 606 906 79.
639 874 680 906 Dc
701 875 799 906 Beata
820 874 921 906 Maria
945 875 980 906 V.

116 957 177 989 la.
206 956 312 996 Salve,
340 956 430 996 virgo
456 957 640 996 singularis,
802 954 831 1001 {1
842 957 872 989 b.
901 957 1008 997 Salve,
1034 957 1123 989 Iesse
1149 957 1250 997 stirps
1276 955 1383 991 beata,

204 1005 290 1044 Quae
317 1014 387 1036 cum
415 1005 483 1036 Deo
509 1005 676 1044 gloriaris3
901 1005 1012 1046 Virgo,
1038 1006 1166 1045 palmae
1193 1009 1382 1044 coaequata.

206 1053 311 1089 Salve,
339 1053 425 1084 clara
452 1053 546 1084 stella
573 1053 681 1088 maris*
902 1053 964 1085 Per
989 1062 1082 1092 quam
1110 1053 1201 1084 nobis
1228 1059 1374 1085 reserata

253 1101 348 1133 Omni
373 1101 470 1141 plena
496 1102 609 1140 gratia.
948 1101 1039 1134 Caeli
1065 1105 1155 1141 patet
1182 1101 1283 1142 regia.

120 1189 176 1220 2a.
204 1187 303 1227 Virgo
329 1193 443 1228 potens
470 1191 500 1219 et
528 1187 645 1227 regalis
811 1188 870 1220 212.
901 1188 1050 1219 Paritura
1078 1188 1185 1219 lumen
1212 1187 1345 1225 clarum,

206 1236 248 1267 Et
275 1236 383 1274 puella
409 1235 569 1275 specialis,
901 1237 1019 1275 Pignus
1047 1236 1150 1273 dulce,
1177 1236 1293 1276 pignus
1316 1245 1438 1278 carum,

205 1283 379 1316 Mulierum
406 1284 493 1315 nulla
520 1284 594 1315 talis
901 1286 1002 1324 Quam
1030 1284 1144 1316 dixere
1169 1284 1403 1324 prophetarum

253 1331 288 1362 In
316 1331 563 1371 magnificentia.
950 1333 1032 1364 Vera
1060 1331 1223 1366 vaticinia.

119 1418 177 1450 32.
204 1419 291 1458 Quae
319 1419 393 1450 dum
421 1418 524 1450 credit
552 1418 708 1460 Gabrieli‚
814 1418 873 1451 3b.
901 1419 964 1451 Per
986 1427 1078 1458 quem
1098 1418 1238 1450 mundus
1256 1423 1439 1460 reparatur,

206 1466 306 1497 Verbi
331 1467 442 1499 nuntio
470 1467 570 1508 fideli,
901 1467 1084 1507 Reparatus
1109 1467 1300 1505 adornatur,

207 1515 298 1546 Parit
327 1524 365 1547 ex
392 1524 426 1546 se
453 1524 558 1554 regem
587 1516 677 1556 caeli,
900 1516 943 1548 Et
970 1515 1142 1547 mundanis
1168 1520 1371 1547 restauratur

256 1563 353 1595 Porta
380 1563 450 1595 Deo
475 1564 606 1603 pervia3
949 1563 1126 1595 Libertatis
1153 1563 1267 1604 gloria.

117 1651 180 1681 4a.
208 1650 243 1681 In
271 1649 320 1680 his
347 1654 451 1681 autern
480 1650 674 1687 declaratur,
813 1651 873 1682 4b.
903 1650 1013 1681 Rubus
1039 1650 1145 1688 ardet,
1171 1659 1231 1681 nec
1259 1649 1429 1692 decrescit,

209 1697 382 1728 Declarata
408 1697 565 1737 figuratur
901 1698 999 1738 Virga
1026 1698 1113 1730 sicca
1138 1698 1316 1739 revirescit,

209 1744 318 1784 Virgo,
347 1754 426 1786 quae
452 1755 514 1777 non
543 1745 718 1778 defloratur
903 1746 1013 1778 Vellus
1039 1745 1206 1786 perfusum
1233 1746 1394 1779 madescit

257 1793 320 1825 Per
345 1793 406 1824 viri
432 1795 610 1832 consortia3
949 1794 1090 1826 Deitatis
1117 1794 1237 1834 pluvia.

120 1882 180 1913 5a.
208 1880 318 1912 Mater
344 1879 415 1921 Dei,
443 1888 502 1911 nos
528 1880 643 1912 exaudi
815 1880 875 1914 5b.
903 1880 1018 1912 Mundi
1046 1881 1144 1913 decus
1170 1882 1322 1920 salutare,

208 1928 251 1960 Et
278 1928 417 1969 benigna
444 1936 558 1968 preces
585 1928 672 1967 audi,
903 1928 1023 1960 Natum
1050 1934 1137 1961 tuum
1167 1930 1356 1973 deprecare,

208 1978 294 2017 Quas
322 1978 514 2017 depromens
540 1980 615 2008 tuae
640 1977 731 2009 laudi
905 1978 948 2010 Ut
977 1978 1127 2018 dignetur
1153 1987 1212 2010 nos
1237 1979 1346 2011 locare

256 2025 405 2057 Concinit
428 2025 575 2057 ecclesia.
951 2027 1030 2059 Cum
1057 2026 1139 2058 caeli
1165 2027 1291 2061 militia.

191 2111 352 2139 Collectan.
380 2120 431 2138 ms.
461 2111 661 2139 Admontense
688 2120 764 2139 saec.
793 2110 837 2139 12.
877 2112 948 2139 Cod.
976 2113 1154 2141 admonten.
1181 2112 1247 2142 739.
1273 2114 1340 2141 add.
1367 2122 1445 2142 saec.

114 2148 157 2179 13.
180 2165 216 2168 —
238 2151 294 2178 Mit
315 2150 444 2178 Melodie
465 2151 629 2183 (Neumem,
650 2155 736 2178 unter
757 2150 886 2178 anderen
907 2151 1089 2187 Sequenzen.
1142 2182 1151 2186 ,

566 2250 615 2281 80.
647 2249 689 2280 De
712 2249 809 2281 Beata
830 2249 931 2281 Maria
952 2250 988 2281 V.

123 2331 182 2365 la.
212 2332 365 2366 Trinitati
391 2332 481 2371 virgo
506 2336 609 2371 grata,
818 2331 874 2364 1b.
904 2331 957 2364 Sic
983 2332 1123 2371 aegrotis
1149 2330 1290 2374 [guttam
1317 2332 1420 2376 diam]

210 2383 296 2415 Rore
322 2379 402 2412 caeli
429 2379 614 2420 fecundata,
908 2380 1006 2412 Pater
1030 2380 1133 2412 stillat
1157 2381 1192 2412 in
1218 2381 1358 2414 Mariam

256 2430 386 2462 Florem
413 2428 498 2468 parit
527 2429 700 2471 caelicum3
956 2427 1096 2461 Verbum
1121 2437 1182 2469 per
1205 2430 1397 2470 angelicum.
