1654 2756
687 162 953 197 ——129—

145 257 207 290 2a.
237 253 299 298 Tu,
328 266 410 298 quae
438 259 603 292 Christum
630 260 781 301 genuisti,
851 260 912 295 2b.
937 257 1032 294 Hunc
1058 259 1188 293 Iudaeis
1228 260 1292 292 iam
1318 258 1487 300 traditum,

235 304 472 339 circumcisum
500 307 633 341 doluisti
942 309 1070 349 Corpus
1098 308 1166 341 eius
1195 308 1405 346 denudatum,

235 353 280 386 Et
305 354 461 388 amissum
487 356 641 389 invenisti
941 358 1051 390 Oculis
1078 357 1143 390 tuis
1170 357 1315 390 oblatum

283 403 321 436 In
349 404 482 448 templo,
516 408 632 446 mater,
659 408 780 438 natum.
989 406 1143 448 Dolebas,
1174 406 1276 447 virgo,
1304 409 1440 447 gratum.

145 492 204 523 3³..
231 486 285 523 lta
311 491 400 523 cruci
426 489 583 532 affigitur,
852 493 915 529 3b.
943 491 1062 527 Anima
1089 498 1145 525 tua
1172 493 1337 535 pungitur,

235 537 301 571 Per
326 539 444 579 impios
474 540 642 572 deluditur
941 542 1019 574 Cum
1049 541 1134 573 filius
1162 541 1345 583 deponitur,

283 586 328 619 Et
354 597 414 628 pro
438 588 532 620 nobis
560 589 706 622 moritur.
989 590 1033 621 Et
1060 590 1194 629 planctu
1222 590 1390 629 sepelitur.

145 678 206 708 4a.
234 671 365 718 Stabas,
396 675 486 715 virgo
514 676 676 717 dolorosa,
850 677 910 710 4b.
939 677 1056 709 Pacem
1085 675 1209 715 confer,
1238 676 1334 708 finem
1354 676 1484 719 bonum,

238 724 335 756 quta
363 731 492 755 crucem
518 724 712 766 lacrimosa3
944 725 1068 757 Malum
1095 725 1182 767 pelle
1209 729 1241 756 et
1270 725 1310 757 da
1337 725 1467 757 modum

237 771 339 814 Ergo,
366 776 471 804 mater
498 773 651 814 gloriosa,
945 774 996 807 Ita
1019 782 1175 814 spernere
1202 775 1410 812 mundanum,

286 821 442 853 Adiutrix
471 822 613 862 copiosa,
994 823 1039 856 Ut
1065 831 1208 855 amemus
1237 823 1368 855 caelica.

491 914 522 943 5.
554 911 615 942 Per
642 910 786 953 dolores,
813 920 894 951 quos
921 911 1035 953 tulisti,

553 960 643 991 Lava
670 959 784 991 sordes
812 959 911 991 choro
935 959 989 990 isti

552 1008 595 1039 Et
622 1008 747 1047 perduc
773 1007 816 1039 ad
843 1007 995 1039 thronum
1023 1007 1156 1044 Christi,

602 1056 704 1095 Virgo
729 1058 846 1097 mater,
875 1056 993 1089 Maria.

217 1136 360 1171 Sequent.
387 1145 438 1163 ms.
467 1136 666 1163 Cracoviense
693 1144 770 1163 saec.
801 1134 876 1162 ¹5l13.
921 1133 1153 1168 (Privatbesitzi.
1177 1150 1211 1154 ——
1246 1135 1301 1166 la,
1331 1133 1344 1162 1
1375 1136 1487 1163 christi

134 1178 164 1201 et
185 1183 211 1200 v.
235 1189 271 1193 —
292 1174 346 1206 4a,
372 1173 485 1210 lvirgo
507 1174 641 1211 gloriosa
661 1175 723 1201 test.
741 1173 795 1206 4a,
816 1172 861 1209 31¹3
883 1174 1079 1209 Entlehnung
1094 1183 1148 1201 aus
1165 1176 1274 1209 „Stab
1286 1178 1322 1201 at
1349 1174 1484 1201 matei·“

136 1214 178 1240 ist
193 1213 284 1240 kaurn
300 1223 337 1241 zu
352 1213 520 1240 erwiihnen.
538 1228 572 1231 —
589 1213 644 1246 412,
660 1211 678 1239 3
693 1213 851 1240 mundana.
868 1228 904 1231 —
919 1213 1139 1240 Akrostiehonz
1160 1213 1279 1240 Mathi
1290 1222 1335 1239 as.

596 1307 656 1340 13⁴5.
689 1308 731 1338 De
754 1308 856 1339 Beata
878 1307 980 1339 Maria
1002 1307 1036 1338 V.

141 1385 203 1417 la.
234 1385 316 1425 Ave,
345 1385 435 1425 virgo
462 1385 563 1426 regia,
855 1384 912 1418 lb.
941 1383 1040 1427 [Ave,
1068 1381 1175 1428 virgo]
1202 1384 1297 1426 hagia

238 1434 327 1474 Quae
353 1438 458 1466 mater
484 1438 516 1465 et
542 1432 608 1465 filia
942 1434 1051 1466 Mater
1077 1438 1107 1464 et
1135 1433 1263 1475 eximia,

284 1482 347 1514 Dei
373 1482 582 1523 nuncuparis.
992 1482 1091 1523 Virgo
1118 1491 1237 1522 expers
1263 1482 1365 1523 paris.

148 1567 208 1598 2a.
239 1567 321 1608 Ave,
348 1565 446 1606 plena
472 1564 589 1605 gratia,
855 1565 916 1600 fib.
945 1566 1064 1605 Mater,
1092 1566 1156 1597 reis
1184 1565 1286 1606 venia,

237 1614 301 1646 Per
327 1623 423 1654 quam
452 1613 551 1645 caelis
578 1613 683 1654 gloria
940 1615 1076 1655 Angelis
1102 1614 1239 1651 laetitia.

287 1664 331 1695 Et
356 1672 422 1703 pax
449 1662 547 1694 terris
574 1663 682 1702 datur,
988 1663 1034 1696 Et
1059 1662 1199 1695 mundus
1225 1663 1382 1697 salvatur.

143 1748 163 1779 3
176 1755 206 1779 a.
233 1747 369 1780 Florum
397 1746 484 1778 inter
509 1745 601 1778 milia
852 1746 915 1780 3b.
943 1746 989 1778 Es
1015 1746 1071 1779 lux
1098 1747 1222 1785 mundi,
1249 1748 1357 1779 omnia

231 1795 360 1828 'senens
390 1793 564 1836 privilegia
942 1795 1040 1828 Cuius
1067 1795 1244 1828 luculentia

281 1844 369 1877 Rosa
395 1843 611 1884 principaris3
990 1845 1115 1877 Lucent
1141 1845 1351 1885 exemplaris,

138 1930 203 1960 42.
231 1927 382 1960 Candens
409 1926 612 1967 castimonia,
849 1928 909 1961 4b.
939 1928 975 1960 In
1004 1932 1100 1969 partu
1129 1927 1196 1960 Vae
1222 1927 1342 1965 nescia,

233 1975 306 2008 Non
334 1985 431 2016 passo
456 1975 610 2008 incendia
940 1977 975 2009 In
1003 1975 1082 2009 flore
1109 1986 1172 2009 nou
1200 1976 1321 2014 saucia,

281 2025 376 2058 Rubo
404 2024 606 2065 designari53
989 2028 1026 2059 In
1055 2025 1163 2058 fructu
1189 2025 1336 2057 laetariS.

141 2111 204 2142 ba.
234 2109 283 2141 Tu
310 2117 387 2149 ergo
413 2117 474 2148 per
499 2106 671 2148 naufragia
850 2108 912 2143 5b.
940 2108 1050 2142 Mater
1075 2112 1107 2139 et
1134 2108 1225 2148 virgo
1252 2107 1372 2148 gaudia

230 2157 338 2190 Huius
364 2158 453 2190 vitae
479 2157 524 2188 sis
550 2157 685 2197 praevia
942 2157 1034 2190 Dans
1062 2156 1176 2189 salutis
1203 2156 1372 2196 perennia,

281 2206 384 2239 Nobis
411 2206 509 2238 stella
534 2206 646 2248 maris,
991 2206 1084 2238 Salus
1112 2205 1297 2245 singularis.

577 2293 610 2324 6.
637 2291 831 2324 Esurientes
859 2291 943 2323 satia

635 2340 702 2372 Nos
728 2340 777 2372 tui
802 2339 957 2372 alimonia

682 2388 824 2421 Fructus
851 2387 1018 2422 salutaris,

207 2471 294 2500 Miss.
322 2474 353 2500 et
373 2471 463 2501 Grad.
495 2481 548 2500 ms.
570 2471 773 2500 Cracoviense
795 2478 873 2499 saec.
898 2469 942 2498 15.
984 2469 1055 2498 Cod.
1078 2469 1175 2506 Capit.
1200 2470 1377 2499 Cracovien.
1400 2469 1427 2499 3.
1451 2487 1486 2490 Δ*

132 2509 184 2546 lb,
206 2509 225 2539 3
246 2520 314 2548 aya.
336 2525 375 2531 —
396 2508 449 2546 2b,
473 2508 487 2538 1
511 2512 590 2546 reg-is
610 2512 708 2538 venia.
731 2526 768 2531 -—
791 2508 817 2544 6,
844 2509 856 2537 1
879 2509 1061 2538 Esurientis.

189 2562 324 2591 Blume,
342 2561 515 2591 Sequentiae
532 2560 672 2587 Ineditae,
703 2561 782 2585 v111.
1292 2557 1310 2586 9
