1654 2756
655 161 702 168 -
738 141 824 178 ‚205
873 160 922 166 -—

119 243 163 277 10
174 251 206 277 a.
239 242 316 276 Post
342 242 440 285 plura
465 241 649 283 capiuntur,

238 291 278 324 In
305 291 435 324 vincula
459 290 637 323 truduntur

286 339 398 373 Sancti
423 338 494 372 Deo
520 337 697 381 amabiles3

120 428 203 463 lla.
235 426 285 460 Ob
312 427 399 469 quod
427 428 535 468 capite
560 430 731 460 truncatus

239 475 359 509 Pastor
384 476 514 509 scandit
537 476 705 509 laureatus

290 525 368 558 Post
394 525 536 566 plurima
561 528 745 568 tormenta3

117 613 159 646 12
171 621 203 647 a.
235 612 327 646 Haec
353 612 461 646 omnia
487 616 676 646 constanter

239 662 332 695 Passi
359 666 434 695 sunt
460 665 492 694 et
517 665 665 695 amanter

285 710 333 743 Ob
359 711 490 753 Iesum,
520 720 629 752 regem
657 711 762 744 caelo-

527 769 617 802 rum;

121 849 163 882 13
175 857 206 883 a.
238 847 356 881 Pastor
382 847 478 890 bone,
506 848 663 887 Fabiane,

237 896 335 930 Miles
373 906 392 929 o
419 896 621 940 sebastiane,

239 944 290 977 Ne
316 946 462 978 vivamus
490 946 542 977 hic
567 946 663 978 inane

235 993 345 1034 Agite,
373 1003 525 1035 regamur
549 1003 627 1026 sane

284 1043 402 1075 Proter
428 1046 537 1075 vestra
563 1043 698 1085 merita;

115 1130 199 1163 14a.
231 1129 342 1162 Sancti
369 1130 468 1162 caelis
493 1130 744 1172 triumphantes,

235 1177 304 1210 Nos
330 1178 442 1210 audite
469 1188 525 1210 vos
552 1183 716 1220 rogantes,

236 1226 281 1260 Ut
307 1226 458 1258 iuvamen
484 1226 556 1258 sitis
585 1227 711 1268 dantes,

234 1274 286 1307 Ne
303 1283 362 1307 nos
379 1273 513 1307 turbent
529 1275 759 1317 malignantes,

284 1323 349 1356 Sed
374 1332 436 1364 per
454 1332 510 1356 vos
529 1324 758 1367 sublevemur3

824 244 868 278 10
879 242 911 276 b.
944 244 990 277 Ut
1016 243 1178 284 abnegent
1205 247 1362 283 coguntur

947 292 1128 332 Christum,
1156 292 1242 332 quod
1269 291 1463 328 renituntur,

994 342 1031 373 In
1058 340 1123 374 fide
1149 343 1281 373 manent
1306 339 1450 372 stabiles.

825 431 865 464 11
879 431 909 463 b.
943 430 1060 470 Sicque
1086 430 1179 462 miles
1205 427 1391 469 perforatus

947 479 1081 519 Sagittis
1108 482 1140 510 et
1163 478 1303 510 laniatus

992 527 1055 559 Per
1081 527 1218 559 verbera
1244 528 1388 559 cruenta.

825 617 868 650 12
884 616 916 649 b.
949 616 1001 648 Ex
1028 616 1089 648 hoc
1115 616 1167 647 hic
1194 618 1400 652 venerantur,

948 665 985 697 In
1011 664 1109 696 caelis
1136 664 1336 696 honorantur

995 714 1085 745 Inter
1111 713 1239 754 agmina
1271 714 1466 743 sanctorum.

828 851 870 884 13
883 850 912 882 b.
945 850 1076 890 Nosque
1104 850 1264 889 protegite
1289 849 1353 889 pie,

948 900 1187 939 Prosperentur
1212 900 1342 929 nostrae
1370 897 1451 934 viae,

944 947 994 979 Ne
1021 947 1213 979 devoremur
1237 946 1335 985 impie

942 996 973 1027 A
1001 999 1093 1035 peste
1118 994 1299 1035 epidemiae

992 1043 1040 1076 Ob
1067 1047 1180 1075 nostra
1204 1042 1373 1074 demerita.

825 1131 909 1165 14b.
943 1131 986 1164 Ut
1025 1131 1077 1163 hic
1103 1139 1257 1170 praesens
1284 1134 1377 1161 nosta
1403 1130 1470 1162 vita

949 1179 1002 1212 Sic
1029 1180 1150 1212 virtute
1177 1179 1218 1210 sit
1240 1179 1364 1211 munita

943 1229 1052 1268 Atque
1079 1227 1261 1259 deducatur
1286 1227 1343 1266 ita,

946 1275 1003 1316 Ut,
1031 1284 1101 1307 cum
1128 1274 1225 1307 fuerit
1251 1275 1355 1313 finita,

993 1324 1072 1357 Cum
1099 1325 1191 1365 agnis
1218 1328 1406 1357 statuemur.

193 1409 335 1446 Sequent.
358 1417 413 1437 ms.
429 1409 602 1438 Sedunense
625 1419 701 1439 saec.
720 1408 756 1438 14
773 1414 803 1439 et
820 1409 862 1438 15.
880 1411 953 1439 Cod.
972 1412 1068 1447 Capit.
1088 1411 1234 1438 Sedtmen.
1252 1420 1274 1438 s.
1291 1420 1318 1437 n.
1338 1423 1376 1430 -
1393 1407 1471 1443 1312,

110 1447 130 1476 4
154 1452 238 1485 peste
260 1448 464 1484 impidemiae.

601 1514 669 1546 222.
705 1516 746 1546 De
767 1517 881 1547 saneta
902 1514 985 1547 Fide.

637 1596 667 1629 1.
697 1597 885 1637 sophistica

696 1655 782 1678 nunc
809 1646 978 1678 catervula

137 1734 200 1766 2a.
231 1733 282 1765 Ac
306 1731 469 1772 virginum
495 1733 668 1772 praeclara

235 1781 342 1814 contio
369 1784 466 1814 canat
491 1781 555 1813 iam
582 1782 681 1825 laeta,

135 1871 195 1904 3a.
228 1869 323 1903 Fidis
349 1870 414 1902 iam
439 1870 516 1910 quia

231 1919 302 1951 dies
327 1918 428 1951 micat

231 1968 388 2000 decorata

228 2017 335 2050 almae
360 2025 421 2058 per
446 2017 588 2050 saecula.

131 2107 195 2139 4a.
232 2104 330 2138 Cuius
357 2105 448 2138 edita
473 2105 597 2146 oscula,

228 2154 372 2196 gratuita
399 2164 456 2187 ceu
483 2154 639 2194 balsama,

132 2246 193 2277 5a.
228 2243 328 2277 Coma
354 2243 508 2277 caerulea

226 2292 277 2325 illi
302 2301 404 2325 aurea

227 2351 292 2375 una
319 2350 391 2374 cum
418 2342 568 2383 bractea;

128 2432 190 2466 fia.
221 2429 328 2463 Huius
355 2439 433 2473 ergo
459 2430 582 2465 fluenta

226 2479 377 2513 resident
400 2480 536 2525 lumina,

843 1734 906 1768 2b.
941 1735 1025 1767 Vota
1052 1733 1190 1766 reboans
1219 1733 1272 1773 pia

942 1791 1020 1816 voce
1048 1783 1137 1815 clara
1162 1782 1317 1821 Alleluia,

845 1872 908 1908 3b.
942 1872 1040 1906 Cuius
1067 1871 1213 1904 iucunda

941 1920 1073 1954 festalia

942 1973 1097 2003 nectarea

880 2056 883 2059 ,
940 2019 1119 2060 propinant
1145 2017 1276 2059 gaudia.

843 2109 907 2142 4b.
940 2109 1067 2150 Sponso
1094 2109 1227 2139 manant
1253 2104 1425 2147 melliflua,

943 2157 1074 2190 roscida
1100 2156 1189 2187 velut
1215 2155 1329 2187 ubera.

845 2247 910 2280 5b.
941 2246 1061 2278 Exstat
1086 2251 1254 2286 purpurea

939 2298 1025 2336 toga,
1053 2293 1157 2334 polita

942 2342 1086 2376 candens
1112 2345 1147 2374 ut
1174 2340 1255 2375 lilia.

844 2432 907 2467 6b.
937 2431 1114 2473 Supposita
1137 2439 1234 2463 rosea

942 2489 1025 2522 gena
1050 2482 1210 2513 turturea.
