<?xml version="1.0" encoding="UTF-8"?>
<!DOCTYPE html PUBLIC "-//W3C//DTD XHTML 1.0 Transitional//EN"
    "http://www.w3.org/TR/xhtml1/DTD/xhtml1-transitional.dtd">
<html xmlns="http://www.w3.org/1999/xhtml" xml:lang="en" lang="en">
 <head>
  <title>
</title>
<meta http-equiv="Content-Type" content="text/html;charset=utf-8" />
  <meta name='ocr-system' content='tesseract 3.04.00' />
  <meta name='ocr-capabilities' content='ocr_page ocr_carea ocr_par ocr_line ocrx_word'/>
</head>
<body>
  <div class='ocr_page' id='page_1' title='image "./analectahymnica42drevuoft_0221.png"; bbox 0 0 1654 2756; ppageno 0'>
   <div class='ocr_carea' id='block_1_1' title="bbox 711 132 971 168">
    <p class='ocr_par' dir='ltr' id='par_1_1' title="bbox 711 132 971 168">
     <span class='ocr_line' id='line_1_1' title="bbox 711 132 971 168; baseline 0 0"><span class='ocrx_word' id='word_1_1' title='bbox 711 132 971 168; x_wconf 81' lang='lat'>—218—</span> 
     </span>
    </p>
   </div>
   <div class='ocr_carea' id='block_1_2' title="bbox 176 226 1436 361">
    <p class='ocr_par' dir='ltr' id='par_1_2' title="bbox 176 226 1436 361">
     <span class='ocr_line' id='line_1_2' title="bbox 176 226 1409 281; baseline -0.006 -15"><span class='ocrx_word' id='word_1_2' title='bbox 176 237 237 267; x_wconf 83' lang='lat' dir='ltr'>5a.</span> <span class='ocrx_word' id='word_1_3' title='bbox 271 232 396 270; x_wconf 84' lang='lat' dir='ltr'><strong>Gaude,</strong></span> <span class='ocrx_word' id='word_1_4' title='bbox 423 233 516 273; x_wconf 84' lang='lat' dir='ltr'>plebs</span> <span class='ocrx_word' id='word_1_5' title='bbox 539 232 732 272; x_wconf 64' lang='lat' dir='ltr'>Ennomon,</span> <span class='ocrx_word' id='word_1_6' title='bbox 869 230 935 264; x_wconf 60' lang='grc' dir='ltr'>δὴ.</span> <span class='ocrx_word' id='word_1_7' title='bbox 965 229 1106 270; x_wconf 79' lang='lat' dir='ltr'>christe,</span> <span class='ocrx_word' id='word_1_8' title='bbox 1131 238 1190 262; x_wconf 83' lang='lat' dir='ltr'>nos</span> <span class='ocrx_word' id='word_1_9' title='bbox 1216 227 1258 261; x_wconf 85' lang='lat' dir='ltr'>ad</span> <span class='ocrx_word' id='word_1_10' title='bbox 1287 226 1409 281; x_wconf 70' lang='lat' dir='ltr'>caelica</span> 
     </span>
     <span class='ocr_line' id='line_1_3' title="bbox 323 278 1377 321; baseline -0.007 -8"><span class='ocrx_word' id='word_1_11' title='bbox 323 281 394 314; x_wconf 88' lang='lat' dir='ltr'>Hoc</span> <span class='ocrx_word' id='word_1_12' title='bbox 420 286 514 321; x_wconf 89' lang='lat' dir='ltr'>patre</span> <span class='ocrx_word' id='word_1_13' title='bbox 539 280 686 320; x_wconf 85' lang='lat' dir='ltr'>regenita</span> <span class='ocrx_word' id='word_1_14' title='bbox 1013 279 1078 312; x_wconf 83' lang='lat' dir='ltr'>Per</span> <span class='ocrx_word' id='word_1_15' title='bbox 1101 278 1236 310; x_wconf 86' lang='lat' dir='ltr'>Henrici</span> <span class='ocrx_word' id='word_1_16' title='bbox 1261 281 1377 308; x_wconf 84' lang='lat' dir='ltr'>menta</span> 
     </span>
     <span class='ocr_line' id='line_1_4' title="bbox 370 323 1436 361; baseline -0.006 0"><span class='ocrx_word' id='word_1_17' title='bbox 370 329 460 361; x_wconf 87' lang='lat' dir='ltr'>Sacri</span> <span class='ocrx_word' id='word_1_18' title='bbox 487 328 585 361; x_wconf 83' lang='lat' dir='ltr'>fontis</span> <span class='ocrx_word' id='word_1_19' title='bbox 611 333 714 361; x_wconf 81' lang='lat' dir='ltr'>utero.</span> <span class='ocrx_word' id='word_1_20' title='bbox 1061 327 1120 359; x_wconf 88' lang='lat' dir='ltr'>Pio</span> <span class='ocrx_word' id='word_1_21' title='bbox 1146 323 1290 358; x_wconf 81' lang='lat' dir='ltr'><strong>transfer</strong></span> <span class='ocrx_word' id='word_1_22' title='bbox 1314 332 1436 356; x_wconf 88' lang='lat' dir='ltr'>umero.</span> 
     </span>
    </p>
   </div>
   <div class='ocr_carea' id='block_1_3' title="bbox 176 413 1507 572">
    <p class='ocr_par' dir='ltr' id='par_1_3' title="bbox 176 413 1507 572">
     <span class='ocr_line' id='line_1_5' title="bbox 252 413 1507 455; baseline -0.007 -7"><span class='ocrx_word' id='word_1_23' title='bbox 252 421 334 448; x_wconf 76' lang='lat' dir='ltr'>Miss.</span> <span class='ocrx_word' id='word_1_24' title='bbox 364 428 416 446; x_wconf 89' lang='lat' dir='ltr'>ms.</span> <span class='ocrx_word' id='word_1_25' title='bbox 444 419 611 455; x_wconf 80' lang='lat' dir='ltr'>Upsalense</span> <span class='ocrx_word' id='word_1_26' title='bbox 641 427 716 447; x_wconf 77' lang='lat' dir='ltr'>saec.</span> <span class='ocrx_word' id='word_1_27' title='bbox 747 418 790 447; x_wconf 67' lang='lat'>15,</span> <span class='ocrx_word' id='word_1_28' title='bbox 822 418 894 446; x_wconf 66' lang='lat' dir='ltr'>eod,</span> <span class='ocrx_word' id='word_1_29' title='bbox 926 419 1067 454; x_wconf 69' lang='lat' dir='ltr'>upsalen.</span> <span class='ocrx_word' id='word_1_30' title='bbox 1094 417 1118 445; x_wconf 91' lang='lat' dir='ltr'>C</span> <span class='ocrx_word' id='word_1_31' title='bbox 1143 415 1209 444; x_wconf 81' lang='lat'>513.</span> <span class='ocrx_word' id='word_1_32' title='bbox 1231 417 1268 444; x_wconf 78' lang='lat' dir='ltr'>A-</span> <span class='ocrx_word' id='word_1_33' title='bbox 1289 430 1327 434; x_wconf 91' lang='lat'><strong>—</strong></span> <span class='ocrx_word' id='word_1_34' title='bbox 1347 413 1507 451; x_wconf 82' lang='lat' dir='ltr'>Appendix</span> 
     </span>
     <span class='ocr_line' id='line_1_6' title="bbox 177 448 1507 494; baseline -0.006 -8"><span class='ocrx_word' id='word_1_35' title='bbox 177 468 227 486; x_wconf 87' lang='lat' dir='ltr'>ms.</span> <span class='ocrx_word' id='word_1_36' title='bbox 258 467 333 486; x_wconf 82' lang='lat' dir='ltr'>saec.</span> <span class='ocrx_word' id='word_1_37' title='bbox 355 456 382 474; x_wconf 74' lang='lat'>¹⁵</span> <span class='ocrx_word' id='word_1_38' title='bbox 396 467 430 485; x_wconf 68' lang='grc' dir='ltr'>ιε.</span> <span class='ocrx_word' id='word_1_39' title='bbox 452 458 536 486; x_wconf 75' lang='lat' dir='ltr'>Miss.</span> <span class='ocrx_word' id='word_1_40' title='bbox 557 458 704 486; x_wconf 73' lang='lat' dir='ltr'>Aboensis</span> <span class='ocrx_word' id='word_1_41' title='bbox 733 460 803 494; x_wconf 86' lang='lat' dir='ltr'>imp.</span> <span class='ocrx_word' id='word_1_42' title='bbox 824 457 962 485; x_wconf 84' lang='lat' dir='ltr'>Lubecae</span> <span class='ocrx_word' id='word_1_43' title='bbox 989 453 1073 485; x_wconf 77' lang='lat'>1488.</span> <span class='ocrx_word' id='word_1_44' title='bbox 1092 455 1263 489; x_wconf 75' lang='lat' dir='ltr'>(Hoimiae).</span> <span class='ocrx_word' id='word_1_45' title='bbox 1286 454 1318 481; x_wconf 91' lang='lat' dir='ltr'>B.</span> <span class='ocrx_word' id='word_1_46' title='bbox 1340 468 1378 472; x_wconf 95' lang='lat'><strong>—</strong></span> <span class='ocrx_word' id='word_1_47' title='bbox 1398 452 1458 484; x_wconf 66' lang='lat'>22.</span> <span class='ocrx_word' id='word_1_48' title='bbox 1487 448 1507 478; x_wconf 83' lang='lat'>2</span> 
     </span>
     <span class='ocr_line' id='line_1_7' title="bbox 178 491 1506 532; baseline -0.006 -7"><span class='ocrx_word' id='word_1_49' title='bbox 178 498 321 525; x_wconf 75' lang='lat' dir='ltr'>Omnibus</span> <span class='ocrx_word' id='word_1_50' title='bbox 344 499 377 525; x_wconf 81' lang='lat' dir='ltr'>A.</span> <span class='ocrx_word' id='word_1_51' title='bbox 400 510 436 515; x_wconf 92' lang='lat'><strong>—</strong></span> <span class='ocrx_word' id='word_1_52' title='bbox 457 496 510 526; x_wconf 77' lang='lat' dir='ltr'>4a,</span> <span class='ocrx_word' id='word_1_53' title='bbox 531 495 549 524; x_wconf 90' lang='lat'><strong>2</strong></span> <span class='ocrx_word' id='word_1_54' title='bbox 569 498 679 532; x_wconf 82' lang='lat' dir='ltr'>migrat</span> <span class='ocrx_word' id='word_1_55' title='bbox 699 498 781 524; x_wconf 77' lang='lat' dir='ltr'>varie</span> <span class='ocrx_word' id='word_1_56' title='bbox 803 497 836 523; x_wconf 89' lang='lat' dir='ltr'>B.</span> <span class='ocrx_word' id='word_1_57' title='bbox 852 510 883 514; x_wconf 95' lang='lat'>—</span> <span class='ocrx_word' id='word_1_58' title='bbox 909 495 966 524; x_wconf 84' lang='lat' dir='ltr'>4b.</span> <span class='ocrx_word' id='word_1_59' title='bbox 987 495 1006 524; x_wconf 76' lang='lat'>:3</span> <span class='ocrx_word' id='word_1_60' title='bbox 1027 495 1240 530; x_wconf 75' lang='lat' dir='ltr'>circumspecto</span> <span class='ocrx_word' id='word_1_61' title='bbox 1255 494 1289 520; x_wconf 80' lang='lat' dir='ltr'>A.</span> <span class='ocrx_word' id='word_1_62' title='bbox 1307 507 1345 512; x_wconf 95' lang='lat'>—</span> <span class='ocrx_word' id='word_1_63' title='bbox 1359 491 1506 520; x_wconf 77' lang='lat' dir='ltr'>Melodie:</span> 
     </span>
     <span class='ocr_line' id='line_1_8' title="bbox 176 531 1194 572; baseline -0.002 -9"><span class='ocrx_word' id='word_1_64' title='bbox 176 537 271 563; x_wconf 72' lang='lat' dir='ltr'>Veni</span> <span class='ocrx_word' id='word_1_65' title='bbox 294 540 428 563; x_wconf 79' lang='lat' dir='ltr'>sancte</span> <span class='ocrx_word' id='word_1_66' title='bbox 451 537 627 572; x_wconf 80' lang='lat' dir='ltr'>spiritus.</span> <span class='ocrx_word' id='word_1_67' title='bbox 647 550 686 554; x_wconf 98' lang='lat'><strong>—</strong></span> <span class='ocrx_word' id='word_1_68' title='bbox 707 536 764 562; x_wconf 74' lang='lat' dir='ltr'>Cfr.</span> <span class='ocrx_word' id='word_1_69' title='bbox 787 534 958 569; x_wconf 70' lang='lat' dir='ltr'>memming</span> <span class='ocrx_word' id='word_1_70' title='bbox 976 535 1000 567; x_wconf 74' lang='lat'>1,</span> <span class='ocrx_word' id='word_1_71' title='bbox 1022 543 1050 570; x_wconf 83' lang='lat' dir='ltr'>p.</span> <span class='ocrx_word' id='word_1_72' title='bbox 1074 531 1129 561; x_wconf 80' lang='lat'>138</span> <span class='ocrx_word' id='word_1_73' title='bbox 1151 542 1194 568; x_wconf 82' lang='lat' dir='ltr'>sq.</span> 
     </span>
    </p>
   </div>
   <div class='ocr_carea' id='block_1_4' title="bbox 595 647 1092 686">
    <p class='ocr_par' dir='ltr' id='par_1_4' title="bbox 595 647 1092 686">
     <span class='ocr_line' id='line_1_9' title="bbox 595 647 1092 686; baseline -0.004 -8"><span class='ocrx_word' id='word_1_74' title='bbox 595 647 666 678; x_wconf 69' lang='lat'>240.</span> <span class='ocrx_word' id='word_1_75' title='bbox 698 648 741 679; x_wconf 85' lang='lat' dir='ltr'>De</span> <span class='ocrx_word' id='word_1_76' title='bbox 763 648 872 680; x_wconf 79' lang='lat' dir='ltr'>saneto</span> <span class='ocrx_word' id='word_1_77' title='bbox 894 647 1092 686; x_wconf 72' lang='lat' dir='ltr'>Hieronymo.</span> 
     </span>
    </p>
   </div>
   <div class='ocr_carea' id='block_1_5' title="bbox 180 726 1311 770">
    <p class='ocr_par' dir='ltr' id='par_1_5' title="bbox 180 726 1311 770">
     <span class='ocr_line' id='line_1_10' title="bbox 180 726 1311 770; baseline -0.004 -8"><span class='ocrx_word' id='word_1_78' title='bbox 180 730 196 761; x_wconf 92' lang='lat'>1</span> <span class='ocrx_word' id='word_1_79' title='bbox 214 739 243 762; x_wconf 89' lang='lat' dir='ltr'>a.</span> <span class='ocrx_word' id='word_1_80' title='bbox 276 729 406 762; x_wconf 86' lang='lat' dir='ltr'>Caelum</span> <span class='ocrx_word' id='word_1_81' title='bbox 441 729 543 761; x_wconf 84' lang='lat' dir='ltr'>stillat</span> <span class='ocrx_word' id='word_1_82' title='bbox 573 728 666 760; x_wconf 87' lang='lat' dir='ltr'>nobis</span> <span class='ocrx_word' id='word_1_83' title='bbox 692 738 809 770; x_wconf 90' lang='lat' dir='ltr'>rorem,</span> <span class='ocrx_word' id='word_1_84' title='bbox 871 727 933 762; x_wconf 82' lang='lat' dir='ltr'>lb.</span> <span class='ocrx_word' id='word_1_85' title='bbox 965 728 1028 760; x_wconf 85' lang='lat' dir='ltr'>Hic</span> <span class='ocrx_word' id='word_1_86' title='bbox 1054 727 1190 759; x_wconf 86' lang='lat' dir='ltr'>Eusebii</span> <span class='ocrx_word' id='word_1_87' title='bbox 1215 726 1311 764; x_wconf 68' lang='lat' dir='ltr'>filim,</span> 
     </span>
    </p>
   </div>
   <div class='ocr_carea' id='block_1_6' title="bbox 179 775 1422 1046">
    <p class='ocr_par' dir='ltr' id='par_1_6' title="bbox 179 775 1422 1046">
     <span class='ocr_line' id='line_1_11' title="bbox 277 775 1322 816; baseline -0.004 -6"><span class='ocrx_word' id='word_1_88' title='bbox 277 778 340 811; x_wconf 88' lang='lat' dir='ltr'>Per</span> <span class='ocrx_word' id='word_1_89' title='bbox 363 785 456 816; x_wconf 92' lang='lat' dir='ltr'>quem</span> <span class='ocrx_word' id='word_1_90' title='bbox 482 776 553 809; x_wconf 86' lang='lat' dir='ltr'>orbi</span> <span class='ocrx_word' id='word_1_91' title='bbox 580 776 635 808; x_wconf 88' lang='lat' dir='ltr'>dat</span> <span class='ocrx_word' id='word_1_92' title='bbox 661 777 794 809; x_wconf 88' lang='lat' dir='ltr'>odorem</span> <span class='ocrx_word' id='word_1_93' title='bbox 966 777 1166 816; x_wconf 74' lang='lat' dir='ltr'><strong>leronymus,</strong></span> <span class='ocrx_word' id='word_1_94' title='bbox 1190 775 1322 807; x_wconf 84' lang='lat' dir='ltr'>uberius</span> 
     </span>
     <span class='ocr_line' id='line_1_12' title="bbox 325 823 1362 864; baseline -0.003 -7"><span class='ocrx_word' id='word_1_95' title='bbox 325 826 360 857; x_wconf 90' lang='lat' dir='ltr'>ln</span> <span class='ocrx_word' id='word_1_96' title='bbox 387 825 534 856; x_wconf 87' lang='lat' dir='ltr'>doctrina</span> <span class='ocrx_word' id='word_1_97' title='bbox 561 824 685 864; x_wconf 82' lang='lat' dir='ltr'>fulgida</span> <span class='ocrx_word' id='word_1_98' title='bbox 1015 824 1101 856; x_wconf 87' lang='lat' dir='ltr'>Luce</span> <span class='ocrx_word' id='word_1_99' title='bbox 1126 824 1218 863; x_wconf 77' lang='lat' dir='ltr'>pavit</span> <span class='ocrx_word' id='word_1_100' title='bbox 1243 823 1362 855; x_wconf 91' lang='lat' dir='ltr'>lucida.</span> 
     </span>
     <span class='ocr_line' id='line_1_13' title="bbox 179 908 1349 950; baseline -0.003 -7"><span class='ocrx_word' id='word_1_101' title='bbox 179 912 238 944; x_wconf 84' lang='lat' dir='ltr'>2a.</span> <span class='ocrx_word' id='word_1_102' title='bbox 269 910 427 943; x_wconf 82' lang='lat' dir='ltr'>Eruditus</span> <span class='ocrx_word' id='word_1_103' title='bbox 452 911 555 943; x_wconf 81' lang='lat' dir='ltr'>literis</span> <span class='ocrx_word' id='word_1_104' title='bbox 873 910 933 944; x_wconf 86' lang='lat' dir='ltr'>2b.</span> <span class='ocrx_word' id='word_1_105' title='bbox 965 909 1150 944; x_wconf 86' lang='lat' dir='ltr'>Cardinalis</span> <span class='ocrx_word' id='word_1_106' title='bbox 1175 908 1349 950; x_wconf 51' lang='lat' dir='ltr'>presbyter</span> 
     </span>
     <span class='ocr_line' id='line_1_14' title="bbox 276 957 1422 998; baseline -0.003 -8"><span class='ocrx_word' id='word_1_107' title='bbox 276 959 412 990; x_wconf 79' lang='lat' dir='ltr'>Latinis.</span> <span class='ocrx_word' id='word_1_108' title='bbox 440 959 622 998; x_wconf 75' lang='lat' dir='ltr'>Hebraicis,</span> <span class='ocrx_word' id='word_1_109' title='bbox 966 960 1099 997; x_wconf 78' lang='lat' dir='ltr'>Factus,</span> <span class='ocrx_word' id='word_1_110' title='bbox 1126 958 1214 990; x_wconf 90' lang='lat' dir='ltr'>clero</span> <span class='ocrx_word' id='word_1_111' title='bbox 1242 957 1323 990; x_wconf 80' lang='lat' dir='ltr'>dans</span> <span class='ocrx_word' id='word_1_112' title='bbox 1349 957 1422 996; x_wconf 78' lang='lat' dir='ltr'>iter,</span> 
     </span>
     <span class='ocr_line' id='line_1_15' title="bbox 325 1005 1382 1046; baseline -0.003 -7"><span class='ocrx_word' id='word_1_113' title='bbox 325 1007 444 1039; x_wconf 58' lang='lat' dir='ltr'>Raomae</span> <span class='ocrx_word' id='word_1_114' title='bbox 472 1007 530 1038; x_wconf 90' lang='lat' dir='ltr'>sub</span> <span class='ocrx_word' id='word_1_115' title='bbox 558 1006 689 1039; x_wconf 89' lang='lat' dir='ltr'>Liberio</span> <span class='ocrx_word' id='word_1_116' title='bbox 1015 1005 1123 1045; x_wconf 81' lang='lat' dir='ltr'>Papae</span> <span class='ocrx_word' id='word_1_117' title='bbox 1151 1006 1265 1046; x_wconf 81' lang='lat' dir='ltr'>dignus</span> <span class='ocrx_word' id='word_1_118' title='bbox 1292 1005 1382 1037; x_wconf 87' lang='lat' dir='ltr'>solio.</span> 
     </span>
    </p>
   </div>
   <div class='ocr_carea' id='block_1_7' title="bbox 181 1091 1435 1133">
    <p class='ocr_par' dir='ltr' id='par_1_7' title="bbox 181 1091 1435 1133">
     <span class='ocr_line' id='line_1_16' title="bbox 181 1091 1435 1133; baseline -0.001 -9"><span class='ocrx_word' id='word_1_119' title='bbox 181 1094 241 1124; x_wconf 85' lang='lat' dir='ltr'>3a.</span> <span class='ocrx_word' id='word_1_120' title='bbox 275 1093 311 1124; x_wconf 89' lang='lat' dir='ltr'>In</span> <span class='ocrx_word' id='word_1_121' title='bbox 339 1093 499 1124; x_wconf 78' lang='lat' dir='ltr'>desertum</span> <span class='ocrx_word' id='word_1_122' title='bbox 527 1099 601 1125; x_wconf 88' lang='lat' dir='ltr'>tunc</span> <span class='ocrx_word' id='word_1_123' title='bbox 628 1091 795 1133; x_wconf 81' lang='lat' dir='ltr'>profectus</span> <span class='ocrx_word' id='word_1_124' title='bbox 871 1092 934 1126; x_wconf 85' lang='lat' dir='ltr'>3b.</span> <span class='ocrx_word' id='word_1_125' title='bbox 964 1094 1002 1126; x_wconf 92' lang='lat' dir='ltr'>In</span> <span class='ocrx_word' id='word_1_126' title='bbox 1029 1091 1179 1124; x_wconf 84' lang='lat' dir='ltr'>Latinum</span> <span class='ocrx_word' id='word_1_127' title='bbox 1208 1093 1248 1124; x_wconf 90' lang='lat' dir='ltr'>de</span> <span class='ocrx_word' id='word_1_128' title='bbox 1273 1091 1435 1129; x_wconf 75' lang='lat' dir='ltr'>Hebraeo,</span> 
     </span>
    </p>
   </div>
   <div class='ocr_carea' id='block_1_8' title="bbox 182 1139 1503 1404">
    <p class='ocr_par' dir='ltr' id='par_1_8' title="bbox 182 1139 1503 1404">
     <span class='ocr_line' id='line_1_17' title="bbox 279 1139 1503 1181; baseline -0.002 -8"><span class='ocrx_word' id='word_1_129' title='bbox 279 1141 427 1173; x_wconf 81' lang='lat' dir='ltr'>Sanctam</span> <span class='ocrx_word' id='word_1_130' title='bbox 455 1142 551 1172; x_wconf 77' lang='lat' dir='ltr'>vitam</span> <span class='ocrx_word' id='word_1_131' title='bbox 579 1145 626 1172; x_wconf 87' lang='lat' dir='ltr'>est</span> <span class='ocrx_word' id='word_1_132' title='bbox 653 1141 791 1181; x_wconf 83' lang='lat' dir='ltr'>adeptus</span> <span class='ocrx_word' id='word_1_133' title='bbox 969 1141 1085 1173; x_wconf 77' lang='lat' dir='ltr'>Curam</span> <span class='ocrx_word' id='word_1_134' title='bbox 1112 1141 1211 1180; x_wconf 80' lang='lat' dir='ltr'>gessit</span> <span class='ocrx_word' id='word_1_135' title='bbox 1236 1141 1321 1172; x_wconf 88' lang='lat' dir='ltr'>hanc</span> <span class='ocrx_word' id='word_1_136' title='bbox 1344 1149 1404 1180; x_wconf 88' lang='lat' dir='ltr'>pro</span> <span class='ocrx_word' id='word_1_137' title='bbox 1421 1139 1503 1176; x_wconf 82' lang='lat' dir='ltr'>Deo,</span> 
     </span>
     <span class='ocr_line' id='line_1_18' title="bbox 326 1187 1391 1229; baseline -0.002 -8"><span class='ocrx_word' id='word_1_138' title='bbox 326 1189 465 1221; x_wconf 80' lang='lat' dir='ltr'>Studens</span> <span class='ocrx_word' id='word_1_139' title='bbox 492 1195 521 1220; x_wconf 87' lang='lat' dir='ltr'>et</span> <span class='ocrx_word' id='word_1_140' title='bbox 548 1190 579 1220; x_wconf 90' lang='lat' dir='ltr'>in</span> <span class='ocrx_word' id='word_1_141' title='bbox 607 1189 725 1229; x_wconf 83' lang='lat' dir='ltr'>biblia·‚</span> <span class='ocrx_word' id='word_1_142' title='bbox 1017 1187 1186 1221; x_wconf 81' lang='lat' dir='ltr'>Transfert</span> <span class='ocrx_word' id='word_1_143' title='bbox 1214 1188 1391 1228; x_wconf 79' lang='lat' dir='ltr'>evangelia.</span> 
     </span>
     <span class='ocr_line' id='line_1_19' title="bbox 182 1274 1321 1316; baseline 0 -10"><span class='ocrx_word' id='word_1_144' title='bbox 182 1277 243 1306; x_wconf 80' lang='lat' dir='ltr'>4a.</span> <span class='ocrx_word' id='word_1_145' title='bbox 275 1274 345 1316; x_wconf 79' lang='lat' dir='ltr'>Siti,</span> <span class='ocrx_word' id='word_1_146' title='bbox 377 1274 457 1306; x_wconf 69' lang='lat' dir='ltr'>{ame</span> <span class='ocrx_word' id='word_1_147' title='bbox 484 1275 666 1306; x_wconf 82' lang='lat' dir='ltr'>macerabat</span> <span class='ocrx_word' id='word_1_148' title='bbox 872 1275 936 1308; x_wconf 87' lang='lat' dir='ltr'>4b.</span> <span class='ocrx_word' id='word_1_149' title='bbox 968 1276 1003 1307; x_wconf 89' lang='lat' dir='ltr'>In</span> <span class='ocrx_word' id='word_1_150' title='bbox 1031 1274 1143 1306; x_wconf 84' lang='lat' dir='ltr'>labore</span> <span class='ocrx_word' id='word_1_151' title='bbox 1169 1284 1226 1307; x_wconf 89' lang='lat' dir='ltr'>sua</span> <span class='ocrx_word' id='word_1_152' title='bbox 1252 1275 1321 1306; x_wconf 86' lang='lat' dir='ltr'>vita</span> 
     </span>
     <span class='ocr_line' id='line_1_20' title="bbox 278 1323 1381 1364; baseline -0.001 -10"><span class='ocrx_word' id='word_1_153' title='bbox 278 1323 425 1358; x_wconf 78' lang='lat' dir='ltr'>Carnem,</span> <span class='ocrx_word' id='word_1_154' title='bbox 452 1323 580 1355; x_wconf 84' lang='lat' dir='ltr'>fletibus</span> <span class='ocrx_word' id='word_1_155' title='bbox 606 1323 732 1363; x_wconf 80' lang='lat' dir='ltr'>rigabat</span> <span class='ocrx_word' id='word_1_156' title='bbox 967 1324 1111 1364; x_wconf 83' lang='lat' dir='ltr'>Reperta</span> <span class='ocrx_word' id='word_1_157' title='bbox 1137 1331 1266 1363; x_wconf 80' lang='lat' dir='ltr'>semper</span> <span class='ocrx_word' id='word_1_158' title='bbox 1290 1323 1381 1354; x_wconf 89' lang='lat' dir='ltr'>unita</span> 
     </span>
     <span class='ocr_line' id='line_1_21' title="bbox 328 1370 1367 1404; baseline 0.002 -3"><span class='ocrx_word' id='word_1_159' title='bbox 328 1372 409 1402; x_wconf 83' lang='lat' dir='ltr'>Prae</span> <span class='ocrx_word' id='word_1_160' title='bbox 436 1373 558 1403; x_wconf 81' lang='lat' dir='ltr'>cunctis</span> <span class='ocrx_word' id='word_1_161' title='bbox 587 1371 731 1403; x_wconf 81' lang='lat' dir='ltr'>deliciis:</span> <span class='ocrx_word' id='word_1_162' title='bbox 1018 1371 1156 1404; x_wconf 84' lang='lat' dir='ltr'>Summis</span> <span class='ocrx_word' id='word_1_163' title='bbox 1185 1370 1367 1404; x_wconf 61' lang='lat' dir='ltr'>desideriis</span> 
     </span>
    </p>
   </div>
   <div class='ocr_carea' id='block_1_9' title="bbox 184 1456 1461 1498">
    <p class='ocr_par' dir='ltr' id='par_1_9' title="bbox 184 1456 1461 1498">
     <span class='ocr_line' id='line_1_22' title="bbox 184 1456 1461 1498; baseline 0.001 -11"><span class='ocrx_word' id='word_1_164' title='bbox 184 1459 244 1487; x_wconf 63' lang='lat' dir='ltr'>Sa.</span> <span class='ocrx_word' id='word_1_165' title='bbox 278 1456 373 1496; x_wconf 88' lang='lat' dir='ltr'>Illud,</span> <span class='ocrx_word' id='word_1_166' title='bbox 401 1457 486 1496; x_wconf 88' lang='lat' dir='ltr'>quod</span> <span class='ocrx_word' id='word_1_167' title='bbox 512 1458 543 1488; x_wconf 92' lang='lat' dir='ltr'>in</span> <span class='ocrx_word' id='word_1_168' title='bbox 571 1456 668 1488; x_wconf 83' lang='lat' dir='ltr'>verbo</span> <span class='ocrx_word' id='word_1_169' title='bbox 697 1457 788 1497; x_wconf 75' lang='lat' dir='ltr'>dixit7</span> <span class='ocrx_word' id='word_1_170' title='bbox 875 1457 938 1491; x_wconf 85' lang='lat' dir='ltr'>5b.</span> <span class='ocrx_word' id='word_1_171' title='bbox 969 1458 1092 1490; x_wconf 88' lang='lat' dir='ltr'>Doctor</span> <span class='ocrx_word' id='word_1_172' title='bbox 1119 1458 1326 1490; x_wconf 79' lang='lat' dir='ltr'>Christianae</span> <span class='ocrx_word' id='word_1_173' title='bbox 1353 1458 1461 1498; x_wconf 85' lang='lat' dir='ltr'>gregis</span> 
     </span>
    </p>
   </div>
   <div class='ocr_carea' id='block_1_10' title="bbox 185 1505 1507 1862">
    <p class='ocr_par' dir='ltr' id='par_1_10' title="bbox 185 1505 1507 1862">
     <span class='ocr_line' id='line_1_23' title="bbox 283 1505 1507 1546; baseline 0.001 -11"><span class='ocrx_word' id='word_1_174' title='bbox 283 1505 356 1536; x_wconf 86' lang='lat' dir='ltr'>Plus</span> <span class='ocrx_word' id='word_1_175' title='bbox 383 1505 414 1535; x_wconf 91' lang='lat' dir='ltr'>in</span> <span class='ocrx_word' id='word_1_176' title='bbox 442 1507 535 1544; x_wconf 71' lang='lat' dir='ltr'>praxi</span> <span class='ocrx_word' id='word_1_177' title='bbox 562 1506 630 1537; x_wconf 89' lang='lat' dir='ltr'>Deo</span> <span class='ocrx_word' id='word_1_178' title='bbox 659 1506 749 1545; x_wconf 70' lang='lat' dir='ltr'>xixit,</span> <span class='ocrx_word' id='word_1_179' title='bbox 970 1507 1098 1538; x_wconf 91' lang='lat' dir='ltr'>Docens</span> <span class='ocrx_word' id='word_1_180' title='bbox 1116 1506 1162 1545; x_wconf 74' lang='lat' dir='ltr'>id,</span> <span class='ocrx_word' id='word_1_181' title='bbox 1181 1505 1267 1546; x_wconf 91' lang='lat' dir='ltr'>quod</span> <span class='ocrx_word' id='word_1_182' title='bbox 1281 1510 1414 1537; x_wconf 87' lang='lat' dir='ltr'>nostrae</span> <span class='ocrx_word' id='word_1_183' title='bbox 1426 1505 1507 1546; x_wconf 81' lang='lat' dir='ltr'>legis</span> 
     </span>
     <span class='ocr_line' id='line_1_24' title="bbox 328 1552 1376 1587; baseline 0.001 -4"><span class='ocrx_word' id='word_1_184' title='bbox 328 1552 469 1584; x_wconf 78' lang='lat' dir='ltr'>Laborat</span> <span class='ocrx_word' id='word_1_185' title='bbox 496 1553 642 1587; x_wconf 77' lang='lat' dir='ltr'>fidelius:</span> <span class='ocrx_word' id='word_1_186' title='bbox 1019 1554 1079 1586; x_wconf 88' lang='lat' dir='ltr'>Est</span> <span class='ocrx_word' id='word_1_187' title='bbox 1106 1560 1137 1585; x_wconf 87' lang='lat' dir='ltr'>et</span> <span class='ocrx_word' id='word_1_188' title='bbox 1163 1553 1224 1585; x_wconf 88' lang='lat' dir='ltr'>fuit</span> <span class='ocrx_word' id='word_1_189' title='bbox 1251 1554 1376 1585; x_wconf 82' lang='lat' dir='ltr'>melius.</span> 
     </span>
     <span class='ocr_line' id='line_1_25' title="bbox 185 1638 1471 1681; baseline 0.001 -11"><span class='ocrx_word' id='word_1_190' title='bbox 185 1640 245 1671; x_wconf 73' lang='lat' dir='ltr'>fia.</span> <span class='ocrx_word' id='word_1_191' title='bbox 277 1638 387 1670; x_wconf 78' lang='lat' dir='ltr'>Nobili</span> <span class='ocrx_word' id='word_1_192' title='bbox 415 1639 455 1670; x_wconf 90' lang='lat' dir='ltr'>de</span> <span class='ocrx_word' id='word_1_193' title='bbox 480 1641 581 1679; x_wconf 79' lang='lat' dir='ltr'>stirpe</span> <span class='ocrx_word' id='word_1_194' title='bbox 607 1646 712 1681; x_wconf 79' lang='lat' dir='ltr'>natus,</span> <span class='ocrx_word' id='word_1_195' title='bbox 876 1640 937 1674; x_wconf 82' lang='lat' dir='ltr'>6b.</span> <span class='ocrx_word' id='word_1_196' title='bbox 972 1642 1089 1677; x_wconf 84' lang='lat' dir='ltr'>verax,</span> <span class='ocrx_word' id='word_1_197' title='bbox 1117 1640 1231 1680; x_wconf 82' lang='lat' dir='ltr'>iustus,</span> <span class='ocrx_word' id='word_1_198' title='bbox 1258 1639 1335 1671; x_wconf 78' lang='lat' dir='ltr'>boni</span> <span class='ocrx_word' id='word_1_199' title='bbox 1362 1640 1471 1677; x_wconf 89' lang='lat' dir='ltr'>moris,</span> 
     </span>
     <span class='ocr_line' id='line_1_26' title="bbox 281 1687 1380 1728; baseline 0 -9"><span class='ocrx_word' id='word_1_200' title='bbox 281 1687 343 1719; x_wconf 88' lang='lat' dir='ltr'>Ore</span> <span class='ocrx_word' id='word_1_201' title='bbox 370 1688 436 1717; x_wconf 79' lang='lat' dir='ltr'>eius</span> <span class='ocrx_word' id='word_1_202' title='bbox 463 1697 525 1718; x_wconf 93' lang='lat' dir='ltr'>non</span> <span class='ocrx_word' id='word_1_203' title='bbox 553 1693 601 1719; x_wconf 84' lang='lat' dir='ltr'>est</span> <span class='ocrx_word' id='word_1_204' title='bbox 629 1688 722 1719; x_wconf 83' lang='lat' dir='ltr'>datus</span> <span class='ocrx_word' id='word_1_205' title='bbox 972 1688 1159 1720; x_wconf 84' lang='lat' dir='ltr'>Inexhausti</span> <span class='ocrx_word' id='word_1_206' title='bbox 1185 1692 1235 1720; x_wconf 87' lang='lat' dir='ltr'>est</span> <span class='ocrx_word' id='word_1_207' title='bbox 1263 1688 1380 1728; x_wconf 75' lang='lat' dir='ltr'>vigoris</span> 
     </span>
     <span class='ocr_line' id='line_1_27' title="bbox 330 1735 1434 1776; baseline 0.002 -10"><span class='ocrx_word' id='word_1_208' title='bbox 330 1735 430 1766; x_wconf 78' lang='lat' dir='ltr'>Dolus</span> <span class='ocrx_word' id='word_1_209' title='bbox 456 1744 514 1766; x_wconf 80' lang='lat' dir='ltr'>nec</span> <span class='ocrx_word' id='word_1_210' title='bbox 539 1735 759 1776; x_wconf 85' lang='lat' dir='ltr'>mendacium;</span> <span class='ocrx_word' id='word_1_211' title='bbox 1021 1735 1133 1767; x_wconf 71' lang='lat' dir='ltr'>Virtus</span> <span class='ocrx_word' id='word_1_212' title='bbox 1160 1737 1242 1768; x_wconf 81' lang='lat' dir='ltr'>daus</span> <span class='ocrx_word' id='word_1_213' title='bbox 1268 1736 1434 1768; x_wconf 83' lang='lat' dir='ltr'>solacium.</span> 
     </span>
     <span class='ocr_line' id='line_1_28' title="bbox 188 1820 1282 1862; baseline 0.004 -10"><span class='ocrx_word' id='word_1_214' title='bbox 188 1821 246 1852; x_wconf 74' lang='lat' dir='ltr'>Ta.</span> <span class='ocrx_word' id='word_1_215' title='bbox 279 1820 304 1852; x_wconf 95' lang='grc' dir='ltr'>Ο</span> <span class='ocrx_word' id='word_1_216' title='bbox 333 1820 471 1852; x_wconf 83' lang='lat' dir='ltr'>dulcedo</span> <span class='ocrx_word' id='word_1_217' title='bbox 498 1821 674 1862; x_wconf 78' lang='lat' dir='ltr'>virginalis.</span> <span class='ocrx_word' id='word_1_218' title='bbox 879 1821 929 1853; x_wconf 73' lang='lat'>71:</span> <span class='ocrx_word' id='word_1_219' title='bbox 932 1847 1282 1856; x_wconf 90' lang='grc'>.......</span> 
     </span>
    </p>
   </div>
   <div class='ocr_carea' id='block_1_11' title="bbox 283 1867 815 1949">
    <p class='ocr_par' dir='ltr' id='par_1_11' title="bbox 283 1867 815 1949">
     <span class='ocr_line' id='line_1_29' title="bbox 283 1867 815 1909; baseline 0.006 -10"><span class='ocrx_word' id='word_1_220' title='bbox 283 1868 369 1907; x_wconf 74' lang='lat' dir='ltr'>flos,</span> <span class='ocrx_word' id='word_1_221' title='bbox 386 1867 520 1900; x_wconf 82' lang='lat' dir='ltr'>fructus.</span> <span class='ocrx_word' id='word_1_222' title='bbox 536 1877 610 1909; x_wconf 84' lang='lat' dir='ltr'>spes</span> <span class='ocrx_word' id='word_1_223' title='bbox 626 1868 815 1902; x_wconf 83' lang='lat' dir='ltr'>doctrinalis</span> 
     </span>
     <span class='ocr_line' id='line_1_30' title="bbox 328 1916 674 1949; baseline 0.003 -1"><span class='ocrx_word' id='word_1_224' title='bbox 328 1916 371 1948; x_wconf 82' lang='lat' dir='ltr'>Et</span> <span class='ocrx_word' id='word_1_225' title='bbox 396 1917 526 1948; x_wconf 89' lang='lat' dir='ltr'>lucerna</span> <span class='ocrx_word' id='word_1_226' title='bbox 552 1918 583 1948; x_wconf 92' lang='lat' dir='ltr'>in</span> <span class='ocrx_word' id='word_1_227' title='bbox 612 1918 674 1949; x_wconf 84' lang='lat' dir='ltr'>via.</span> 
     </span>
    </p>
   </div>
   <div class='ocr_carea' id='block_1_12' title="bbox 186 2002 1515 2327">
    <p class='ocr_par' dir='ltr' id='par_1_12' title="bbox 186 2002 1515 2327">
     <span class='ocr_line' id='line_1_31' title="bbox 187 2002 1384 2048; baseline 0.003 -12"><span class='ocrx_word' id='word_1_228' title='bbox 187 2005 247 2036; x_wconf 70' lang='lat' dir='ltr'>Sa.</span> <span class='ocrx_word' id='word_1_229' title='bbox 280 2004 367 2044; x_wconf 80' lang='lat' dir='ltr'>Ergo</span> <span class='ocrx_word' id='word_1_230' title='bbox 395 2002 445 2034; x_wconf 89' lang='lat' dir='ltr'>fac</span> <span class='ocrx_word' id='word_1_231' title='bbox 471 2013 528 2035; x_wconf 84' lang='lat' dir='ltr'>nos</span> <span class='ocrx_word' id='word_1_232' title='bbox 556 2003 745 2036; x_wconf 83' lang='lat' dir='ltr'>doctrinari.</span> <span class='ocrx_word' id='word_1_233' title='bbox 877 2004 940 2038; x_wconf 85' lang='lat' dir='ltr'>8b.</span> <span class='ocrx_word' id='word_1_234' title='bbox 970 2006 1082 2037; x_wconf 79' lang='lat' dir='ltr'>Annos</span> <span class='ocrx_word' id='word_1_235' title='bbox 1108 2007 1284 2048; x_wconf 79' lang='lat' dir='ltr'>nonaginta</span> <span class='ocrx_word' id='word_1_236' title='bbox 1309 2013 1384 2040; x_wconf 91' lang='lat' dir='ltr'>octo</span> 
     </span>
     <span class='ocr_line' id='line_1_32' title="bbox 284 2052 1515 2096; baseline 0.004 -12"><span class='ocrx_word' id='word_1_237' title='bbox 284 2053 405 2084; x_wconf 83' lang='lat' dir='ltr'>Bonam</span> <span class='ocrx_word' id='word_1_238' title='bbox 431 2052 529 2083; x_wconf 71' lang='lat' dir='ltr'>vitam</span> <span class='ocrx_word' id='word_1_239' title='bbox 559 2053 781 2094; x_wconf 78' lang='lat' dir='ltr'>contemplari,</span> <span class='ocrx_word' id='word_1_240' title='bbox 976 2054 1149 2093; x_wconf 81' lang='lat' dir='ltr'>Postquam</span> <span class='ocrx_word' id='word_1_241' title='bbox 1169 2055 1323 2096; x_wconf 82' lang='lat' dir='ltr'>comples,</span> <span class='ocrx_word' id='word_1_242' title='bbox 1343 2056 1402 2088; x_wconf 91' lang='lat' dir='ltr'>tibi</span> <span class='ocrx_word' id='word_1_243' title='bbox 1419 2057 1515 2090; x_wconf 87' lang='lat' dir='ltr'>docto</span> 
     </span>
     <span class='ocr_line' id='line_1_33' title="bbox 331 2100 1404 2145; baseline 0.005 -14"><span class='ocrx_word' id='word_1_244' title='bbox 331 2100 449 2132; x_wconf 85' lang='lat' dir='ltr'>Sancta</span> <span class='ocrx_word' id='word_1_245' title='bbox 474 2101 553 2132; x_wconf 88' lang='lat' dir='ltr'>assit</span> <span class='ocrx_word' id='word_1_246' title='bbox 578 2100 670 2140; x_wconf 81' lang='lat' dir='ltr'>legio.</span> <span class='ocrx_word' id='word_1_247' title='bbox 1022 2101 1129 2134; x_wconf 89' lang='lat' dir='ltr'>Datur</span> <span class='ocrx_word' id='word_1_248' title='bbox 1156 2104 1278 2136; x_wconf 86' lang='lat' dir='ltr'>Christi</span> <span class='ocrx_word' id='word_1_249' title='bbox 1305 2105 1404 2145; x_wconf 84' lang='lat' dir='ltr'>regio.</span> 
     </span>
     <span class='ocr_line' id='line_1_34' title="bbox 186 2186 1365 2231; baseline 0.003 -12"><span class='ocrx_word' id='word_1_250' title='bbox 186 2189 246 2219; x_wconf 71' lang='lat' dir='ltr'>9a.</span> <span class='ocrx_word' id='word_1_251' title='bbox 278 2188 326 2218; x_wconf 81' lang='lat' dir='ltr'>lbi</span> <span class='ocrx_word' id='word_1_252' title='bbox 356 2195 470 2226; x_wconf 78' lang='lat' dir='ltr'>regnas</span> <span class='ocrx_word' id='word_1_253' title='bbox 498 2197 569 2219; x_wconf 91' lang='lat' dir='ltr'>cnm</span> <span class='ocrx_word' id='word_1_254' title='bbox 595 2186 722 2227; x_wconf 82' lang='lat' dir='ltr'>beatis;</span> <span class='ocrx_word' id='word_1_255' title='bbox 878 2187 941 2220; x_wconf 87' lang='lat' dir='ltr'>9b.</span> <span class='ocrx_word' id='word_1_256' title='bbox 974 2189 1020 2221; x_wconf 89' lang='lat' dir='ltr'>Ut</span> <span class='ocrx_word' id='word_1_257' title='bbox 1047 2188 1164 2221; x_wconf 87' lang='lat' dir='ltr'>docere</span> <span class='ocrx_word' id='word_1_258' title='bbox 1190 2191 1365 2231; x_wconf 79' lang='lat' dir='ltr'>valeamus,</span> 
     </span>
     <span class='ocr_line' id='line_1_35' title="bbox 282 2235 1512 2280; baseline 0.005 -13"><span class='ocrx_word' id='word_1_259' title='bbox 282 2238 374 2276; x_wconf 79' lang='lat' dir='ltr'>Auge</span> <span class='ocrx_word' id='word_1_260' title='bbox 400 2237 524 2267; x_wconf 90' lang='lat' dir='ltr'>cunctis</span> <span class='ocrx_word' id='word_1_261' title='bbox 550 2235 688 2267; x_wconf 85' lang='lat' dir='ltr'>literatis</span> <span class='ocrx_word' id='word_1_262' title='bbox 975 2237 1093 2269; x_wconf 89' lang='lat' dir='ltr'>Tecum</span> <span class='ocrx_word' id='word_1_263' title='bbox 1113 2239 1177 2275; x_wconf 79' lang='lat' dir='ltr'>(in)</span> <span class='ocrx_word' id='word_1_264' title='bbox 1196 2247 1296 2280; x_wconf 79' lang='lat' dir='ltr'>regno</span> <span class='ocrx_word' id='word_1_265' title='bbox 1315 2241 1512 2278; x_wconf 83' lang='lat' dir='ltr'>gaudeamus</span> 
     </span>
     <span class='ocr_line' id='line_1_36' title="bbox 335 2284 1489 2327; baseline 0.005 -11"><span class='ocrx_word' id='word_1_266' title='bbox 335 2284 488 2316; x_wconf 85' lang='lat' dir='ltr'>Fructum</span> <span class='ocrx_word' id='word_1_267' title='bbox 511 2285 558 2316; x_wconf 86' lang='lat' dir='ltr'>tui</span> <span class='ocrx_word' id='word_1_268' title='bbox 584 2284 754 2324; x_wconf 83' lang='lat' dir='ltr'>dogmatis.</span> <span class='ocrx_word' id='word_1_269' title='bbox 1026 2285 1090 2318; x_wconf 85' lang='lat' dir='ltr'>Per</span> <span class='ocrx_word' id='word_1_270' title='bbox 1116 2287 1269 2319; x_wconf 81' lang='lat' dir='ltr'>virtutem</span> <span class='ocrx_word' id='word_1_271' title='bbox 1295 2290 1489 2327; x_wconf 86' lang='lat' dir='ltr'>pneumatis.</span> 
     </span>
    </p>
   </div>
   <div class='ocr_carea' id='block_1_13' title="bbox 186 2373 1516 2488">
    <p class='ocr_par' dir='ltr' id='par_1_13' title="bbox 186 2373 1516 2488">
     <span class='ocr_line' id='line_1_37' title="bbox 264 2373 1516 2413; baseline 0.005 -11"><span class='ocrx_word' id='word_1_272' title='bbox 264 2377 403 2410; x_wconf 64' lang='lat' dir='ltr'>Sequem.</span> <span class='ocrx_word' id='word_1_273' title='bbox 433 2384 484 2402; x_wconf 70' lang='grc' dir='ltr'>ωε.</span> <span class='ocrx_word' id='word_1_274' title='bbox 510 2374 680 2403; x_wconf 76' lang='lat' dir='ltr'>Sedunense</span> <span class='ocrx_word' id='word_1_275' title='bbox 710 2384 788 2403; x_wconf 78' lang='lat' dir='ltr'>saec.</span> <span class='ocrx_word' id='word_1_276' title='bbox 817 2373 863 2402; x_wconf 82' lang='lat'>14.</span> <span class='ocrx_word' id='word_1_277' title='bbox 891 2379 921 2403; x_wconf 84' lang='lat' dir='ltr'>et</span> <span class='ocrx_word' id='word_1_278' title='bbox 944 2375 978 2404; x_wconf 88' lang='lat'>15</span> <span class='ocrx_word' id='word_1_279' title='bbox 999 2375 1070 2404; x_wconf 82' lang='lat' dir='ltr'><strong>Cod.</strong></span> <span class='ocrx_word' id='word_1_280' title='bbox 1093 2375 1189 2413; x_wconf 79' lang='lat' dir='ltr'>Capit.</span> <span class='ocrx_word' id='word_1_281' title='bbox 1212 2377 1360 2406; x_wconf 79' lang='lat' dir='ltr'>Sedunen.</span> <span class='ocrx_word' id='word_1_282' title='bbox 1383 2389 1407 2407; x_wconf 91' lang='lat' dir='ltr'>s.</span> <span class='ocrx_word' id='word_1_283' title='bbox 1428 2390 1457 2408; x_wconf 89' lang='lat' dir='ltr'>n.</span> <span class='ocrx_word' id='word_1_284' title='bbox 1481 2396 1516 2401; x_wconf 81' lang='lat'>——</span> 
     </span>
     <span class='ocr_line' id='line_1_38' title="bbox 187 2410 1516 2452; baseline 0.006 -12"><span class='ocrx_word' id='word_1_285' title='bbox 187 2412 238 2446; x_wconf 48' lang='lat'>2³7</span> <span class='ocrx_word' id='word_1_286' title='bbox 260 2414 278 2440; x_wconf 79' lang='grc'>·.’</span> <span class='ocrx_word' id='word_1_287' title='bbox 299 2420 327 2440; x_wconf 80' lang='lat' dir='ltr'>et</span> <span class='ocrx_word' id='word_1_288' title='bbox 347 2414 515 2441; x_wconf 79' lang='lat' dir='ltr'>Hebraicis.</span> <span class='ocrx_word' id='word_1_289' title='bbox 532 2431 567 2434; x_wconf 96' lang='lat'><strong>—</strong></span> <span class='ocrx_word' id='word_1_290' title='bbox 589 2412 642 2446; x_wconf 69' lang='lat'>211,</span> <span class='ocrx_word' id='word_1_291' title='bbox 663 2412 682 2442; x_wconf 88' lang='lat'><strong>3</strong></span> <span class='ocrx_word' id='word_1_292' title='bbox 695 2415 812 2452; x_wconf 84' lang='lat' dir='ltr'>Papali.</span> <span class='ocrx_word' id='word_1_293' title='bbox 826 2428 865 2432; x_wconf 93' lang='lat'><em>-</em></span> <span class='ocrx_word' id='word_1_294' title='bbox 884 2413 940 2448; x_wconf 70' lang='lat'>41³,</span> <span class='ocrx_word' id='word_1_295' title='bbox 961 2413 980 2443; x_wconf 84' lang='lat'>2</span> <span class='ocrx_word' id='word_1_296' title='bbox 999 2418 1045 2443; x_wconf 79' lang='lat' dir='ltr'>est</span> <span class='ocrx_word' id='word_1_297' title='bbox 1059 2417 1153 2443; x_wconf 74' lang='lat' dir='ltr'>unita.</span> <span class='ocrx_word' id='word_1_298' title='bbox 1167 2431 1202 2436; x_wconf 82' lang='lat'>—</span> <span class='ocrx_word' id='word_1_299' title='bbox 1219 2416 1273 2451; x_wconf 63' lang='lat'>5³,</span> <span class='ocrx_word' id='word_1_300' title='bbox 1294 2415 1313 2444; x_wconf 79' lang='lat'>3</span> <span class='ocrx_word' id='word_1_301' title='bbox 1326 2410 1463 2447; x_wconf 66' lang='lat' dir='ltr'>fide&#39;liter.</span> <span class='ocrx_word' id='word_1_302' title='bbox 1478 2435 1516 2439; x_wconf 98' lang='lat'>—</span> 
     </span>
     <span class='ocr_line' id='line_1_39' title="bbox 186 2450 1476 2488; baseline 0.006 -9"><span class='ocrx_word' id='word_1_303' title='bbox 186 2451 240 2484; x_wconf 78' lang='lat' dir='ltr'>5b,</span> <span class='ocrx_word' id='word_1_304' title='bbox 261 2450 279 2479; x_wconf 86' lang='lat'>2</span> <span class='ocrx_word' id='word_1_305' title='bbox 300 2453 329 2480; x_wconf 88' lang='lat' dir='ltr'>id</span> <span class='ocrx_word' id='word_1_306' title='bbox 350 2452 432 2488; x_wconf 85' lang='lat' dir='ltr'>quid.</span> <span class='ocrx_word' id='word_1_307' title='bbox 458 2469 489 2473; x_wconf 88' lang='lat'><strong>—</strong></span> <span class='ocrx_word' id='word_1_308' title='bbox 511 2451 564 2486; x_wconf 78' lang='lat' dir='ltr'>Ga,</span> <span class='ocrx_word' id='word_1_309' title='bbox 585 2451 603 2480; x_wconf 87' lang='lat'>2</span> <span class='ocrx_word' id='word_1_310' title='bbox 623 2453 658 2480; x_wconf 90' lang='lat' dir='ltr'>In</span> <span class='ocrx_word' id='word_1_311' title='bbox 679 2463 739 2482; x_wconf 82' lang='lat' dir='ltr'>ore.</span> <span class='ocrx_word' id='word_1_312' title='bbox 760 2470 795 2474; x_wconf 93' lang='lat'>—</span> <span class='ocrx_word' id='word_1_313' title='bbox 817 2451 873 2488; x_wconf 73' lang='lat'>61³,</span> <span class='ocrx_word' id='word_1_314' title='bbox 893 2452 912 2482; x_wconf 82' lang='lat'><strong>3</strong></span> <span class='ocrx_word' id='word_1_315' title='bbox 931 2455 1093 2482; x_wconf 79' lang='lat' dir='ltr'>Virtutum.</span> <span class='ocrx_word' id='word_1_316' title='bbox 1115 2469 1153 2474; x_wconf 90' lang='lat'>——</span> <span class='ocrx_word' id='word_1_317' title='bbox 1173 2453 1226 2488; x_wconf 66' lang='lat'>8³„</span> <span class='ocrx_word' id='word_1_318' title='bbox 1247 2455 1267 2484; x_wconf 84' lang='lat'><strong>3</strong></span> <span class='ocrx_word' id='word_1_319' title='bbox 1288 2458 1476 2487; x_wconf 67' lang='lat' dir='ltr'>sanctorum.</span> 
     </span>
    </p>
   </div>
  </div>
 </body>
</html>
