1654 2756
0 0 60 209 κνινἫ

722 165 771 171 -
820 146 891 184 313
941 168 988 174 —

180 242 240 275 72.
275 241 391 283 Agnus
416 241 490 285 Dei,
886 246 949 281 712,
979 245 1017 281 In
1043 247 1180 282 istorum

274 290 380 323 Dator
405 291 487 333 spei,
981 296 1048 328 Nos
1074 297 1232 330 iustorum

328 339 455 372 Munda
479 349 538 372 nos
565 350 584 373 a
610 341 756 382 maculis,
1030 345 1117 377 Loca
1143 347 1371 380 tabernaculis.

254 437 340 464 Miss.
362 445 416 464 ms.
440 436 469 464 S.
491 437 607 464 Mariae
629 438 659 464 in
681 438 831 474 Capitolio
854 449 931 469 saec,
957 439 1028 467 ¹⁴³15.
1049 442 1119 469 Cod.
1143 452 1165 469 s.
1182 443 1297 469 Mariae
1323 444 1353 469 in
1369 444 1520 478 Capitolio

175 475 330 504 Colonien.
360 485 383 502 s-
413 485 441 503 n.
464 476 498 503 A.
527 491 554 494 -
583 477 672 504 Grad.
701 486 755 504 ms.
777 478 806 504 S.
829 479 943 506 Mariae
972 481 1002 506 in
1025 480 1174 515 Capitolio
1206 491 1282 508 saec.
1315 480 1357 508 16.
1391 483 1429 508 in.
1453 482 1523 509 (jod.

176 515 206 543 S.
228 515 345 542 Mariae
372 516 402 542 in
426 515 577 551 Capitolio
601 516 755 543 Colonien.
783 526 805 543 s.
837 526 865 544 u.
888 519 920 544 B.
943 533 980 537 —
1001 517 1060 551 2a,
1090 517 1107 546 3
1130 519 1299 547 Praemiuet
1323 518 1387 547 ΑΒ.
1411 537 1446 540 -
1469 521 1523 553 3³,

179 553 192 582 l
216 554 338 581 lictores
360 554 421 581 ΑΒ.
445 568 482 572 -
504 554 634 582 Melodie
657 555 748 582 wohl:
771 555 796 582 O
824 556 938 584 beata
967 558 1171 586 beatorum.

587 677 656 709 345.
701 679 741 709 De
764 678 883 710 sanetis
905 679 1110 719 Martyribus.

178 770 239 803 la.
272 769 319 801 Te
345 773 507 811 martyres
535 771 702 802 candidati
884 771 945 804 lb.
975 773 1013 804 In
1040 772 1100 802 hac
1129 773 1180 803 die
1207 772 1261 812 qui
1289 773 1410 812 recepti

276 818 391 851 Laude
418 828 581 859 nunquam
609 818 737 856 fatigati
979 820 1059 852 Sunt
1086 821 1116 851 in
1146 821 1268 852 caelum
1297 825 1326 851 et
1355 822 1459 861 erepti

325 867 461 907 Semper
486 868 641 907 laudant,
673 867 819 910 Domine,
1029 869 1077 900 De
1104 870 1214 901 mundi
1244 870 1406 910 voragine.

178 965 239 997 2a.
271 964 311 996 In
339 964 447 996 duello
475 964 598 1004 duplici
881 964 943 998 2b.
980 965 1085 998 Corde
1112 971 1235 998 stantes
1262 967 1402 1006 simplici

275 1012 427 1045 Gaudent
454 1013 517 1044 sibi
543 1013 646 1044 subici
979 1013 1151 1053 Nunquam
1179 1020 1315 1054 possunt
1342 1015 1425 1046 deici

324 1061 484 1094 Mundum
512 1065 545 1093 et
572 1061 742 1093 daemonia
1029 1062 1142 1102 Neque
1169 1073 1227 1103 per
1253 1064 1414 1103 supplicia

323 1111 361 1143 In
390 1110 491 1150 dupla
518 1110 664 1144 victoria.
1027 1110 1094 1141 Nec
1121 1120 1180 1150 per
1206 1113 1271 1143 ulla
1299 1112 1388 1146 vitia.

176 1209 237 1241 3a.
269 1207 354 1239 Dum
380 1210 542 1238 tormenta
566 1211 639 1237 sunt
658 1207 817 1246 perpessi,
883 1205 945 1238 3b.
981 1206 1176 1239 Carceribus
1204 1209 1380 1248 mancipati

273 1255 445 1295 Nunquam
474 1255 586 1293 poenis
614 1259 707 1286 erant
729 1253 820 1294 fessi,
980 1254 1060 1286 Sunt
1087 1255 1205 1295 gladiis
1235 1257 1387 1289 decollati

272 1303 409 1344 Semper
435 1302 599 1334 Christum
636 1307 710 1334 sunt
746 1311 821 1334 con·
978 1303 1021 1334 Et
1047 1304 1079 1334 in
1109 1305 1207 1336 caelis
1236 1305 1381 1337 coronati

527 1349 605 1383 fessi
1029 1352 1196 1392 Virginum
1225 1354 1367 1385 aureola.

321 1401 528 1441 Respuentes
555 1400 655 1435 idola.

172 1499 236 1532 4a.
269 1497 351 1530 Sunt
376 1498 411 1529 in
439 1497 537 1529 caelis
564 1502 595 1528 et
623 1497 797 1537 laetantur,
879 1497 942 1530 4b.
976 1498 1038 1530 Per
1077 1507 1155 1537 quos
1196 1499 1359 1531 Christum
1401 1500 1516 1540 depre-

271 1546 376 1579 Deum
403 1546 514 1579 vident
542 1551 573 1578 et
600 1547 760 1578 mirantur
1229 1557 1350 1589 camur,

319 1595 474 1628 Miranda
501 1595 627 1628 laetitia
975 1595 1067 1634 Quod
1075 1604 1144 1633 nos5
1154 1596 1206 1628 hic
1215 1597 1267 1636 qui
1277 1605 1522 1641 congregamur,

270 1644 312 1677 Et
340 1644 482 1676 videndo
512 1644 675 1676 saliantur
1023 1645 1060 1676 Iu
1088 1643 1148 1676 Dei
1175 1646 1360 1685 praesentia

317 1693 379 1726 Dei
408 1693 488 1725 satis
517 1693 631 1733 gloria.
976 1693 1061 1725 Vera
1089 1693 1155 1726 vita
1181 1694 1389 1733 perfruamur

1022 1741 1176 1774 Dicentes
1203 1744 1355 1777 Alleluia.

252 1840 335 1867 Miss.
351 1840 524 1868 Morinense
546 1840 617 1875 imp.
635 1839 795 1876 Rotomagi
822 1836 904 1866 1516.
923 1838 957 1865 A.
974 1853 1010 1856 —
1026 1838 1110 1865 Miss.
1126 1839 1279 1869 Morimene
1303 1842 1371 1875 imp.
1394 1841 1517 1867 Parisiis

173 1876 256 1907 1518.
279 1879 314 1906 B.
335 1895 372 1899 —
395 1879 480 1906 Miss.
506 1879 680 1906 Morinense
702 1879 771 1914 imp.
795 1879 955 1914 Rotomagi
981 1876 1062 1905 1523.
1086 1878 1117 1906 C.

618 2002 686 2034 346.
728 2003 770 2034 De
793 2011 854 2034 uuo
876 2002 1072 2034 confessore.

584 2096 614 2128 1.
643 2095 715 2137 Eia,
744 2094 864 2128 fratres
891 2096 1000 2136 amati,

642 2154 705 2177 vox
731 2148 844 2177 nostra
870 2147 962 2177 sonet
989 2144 1144 2178 Alleluia.

167 2245 230 2278 22..
261 2244 416 2277 Laudare
441 2242 616 2276 Dominum
643 2245 791 2275 nostrum
875 2242 938 2277 2b.
969 2242 1031 2282 Qui
1058 2246 1173 2275 cuncta
1199 2243 1342 2275 visibilia

264 2302 350 2326 nunc
366 2293 461 2326 decet
475 2289 596 2336 [atque]
614 2292 646 2323 in
663 2292 812 2332 saecula3
975 2289 1053 2323 fecit
1080 2294 1110 2323 et
1139 2292 1329 2331 invisibilia,

168 2392 229 2426 3a.
262 2390 408 2432 Caelum,
434 2394 569 2431 terram,
597 2390 700 2423 maria
876 2389 944 2423 3b.
975 2388 1182 2431 Exercetque
1209 2391 1343 2431 propria

263 2444 295 2472 et
321 2449 404 2481 quae
429 2443 505 2473 sunt
532 2442 650 2472 cuncta
675 2439 708 2471 in
974 2447 1104 2478 semper
1129 2440 1162 2471 in
1189 2439 1239 2472 his
1267 2440 1321 2481 pia

262 2488 309 2521 eis
335 2489 479 2530 condita,
971 2487 1201 2528 gubernacula.
