1654 2756
713 169 978 205 —221—

161 263 233 310 88.
264 263 412 296 Tandem
440 264 655 307 disrumpitur
875 268 939 302 8b.
972 268 1069 301 Cuius
1094 274 1170 308 post
1191 267 1364 300 transitum

267 311 382 355 Equis,
409 313 604 347 distrahitur
972 316 1115 349 Coronat
1139 316 1290 357 spiritum

316 360 382 394 Per
400 361 568 395 cardetum
586 363 666 396 haec
686 364 809 408 hostia;
1021 366 1091 398 Rex
1118 365 1266 397 caelestis
1292 365 1325 397 in
1351 364 1466 405 gloria.

578 471 609 504 9.
639 471 699 510 Qui
726 470 820 502 nobis
847 472 934 511 apud
962 471 1135 504 Dominum

639 519 775 550 Veniam
806 520 957 559 impetret
985 520 1208 559 peccaminum

744 567 844 600 Preee
869 568 935 608 pia.

243 660 328 699 Miss.
358 670 412 689 ms,
440 662 714 698 Sandionysianum
744 671 821 690 saec.
854 661 898 690 15.
921 663 991 690 cod.
1015 664 1092 690 Bibl.
1114 663 1234 690 Nation.
1256 663 1319 689 Art.
1343 663 1509 690 Londinen.

168 696 244 727 1346
256 698 313 733 (18,
329 700 357 728 3.
372 698 430 735 91).
446 714 484 720 -
499 699 514 728 7
525 702 553 734 b,
569 699 584 729 7
601 703 746 738 nequivit.
759 702 869 730 —Die
880 701 1036 729 Abschrift
1050 703 1187 737 besorgte
1199 702 1272 729 Rev.
1285 702 1324 728 H.
1340 702 1512 729 Bannister.

597 835 666 865 244.
701 835 743 866 De
765 836 877 867 sancto
899 833 1080 876 Hippolyto.

164 924 227 958 la.
260 924 334 965 Eia,
362 934 425 957 vox
451 926 662 959 iucunditatis
871 925 934 960 lb.
966 926 997 957 A
1023 935 1086 966 quo
1114 929 1221 957 custos
1249 926 1436 966 angelorum

267 973 334 1006 Sub
361 973 479 1007 affectu
506 975 653 1007 caritatis
968 974 1087 1006 Preces
1114 975 1205 1007 audit
1232 978 1436 1013 peccatorum

312 1022 402 1054 Caeli
429 1022 539 1063 pulset
565 1023 694 1064 solium,
1015 1022 1141 1054 Devote
1168 1023 1386 1055 clamantium.

162 1129 223 1160 2a.
256 1128 350 1160 Omni
378 1137 457 1160 cura
483 1133 632 1160 creatura
867 1128 931 1163 2b.
966 1127 1056 1159 Viam
1085 1127 1172 1158 Deus
1200 1129 1435 1168 praeostendit.

260 1176 381 1217 Regem
401 1175 523 1218 laudet,
544 1186 604 1216 per
617 1186 710 1217 quem
725 1186 800 1217 gau·
962 1176 1026 1208 Per
1053 1185 1147 1216 quam
1167 1185 1242 1208 reus
1262 1177 1508 1215 comprehendit

650 1226 705 1257 det
1011 1223 1066 1256 Sui
1095 1232 1207 1256 cursus
1235 1223 1394 1257 bravium.

304 1273 452 1312 Populus
478 1272 635 1305 fidelium.

158 1382 219 1413 3a.
255 1379 350 1412 Hanc
388 1380 552 1421 ingressus
576 1389 634 1420 spe
661 1389 799 1413 coronae
861 1379 926 1413 3b.
958 1379 1043 1413 Nam
1071 1379 1111 1411 de
1139 1379 1236 1411 caelis
1263 1379 1473 1411 ministrabat

255 1427 434 1461 Laboravit
459 1428 493 1460 in
519 1438 622 1469 agone
958 1428 1066 1468 Vires,
1093 1428 1135 1459 ad
1162 1436 1256 1468 quem
1282 1428 1470 1470 anhelabat,

303 1477 424 1509 Beatus
451 1477 664 1518 Hippolytus,
1009 1475 1152 1517 Spiritus
1178 1477 1368 1516 paraclitus.

156 1585 218 1618 4a.
249 1584 477 1617 Praemunitus
504 1584 536 1616 in
564 1584 735 1624 sacrificio,
862 1582 926 1616 4b.
957 1583 1187 1623 Amplexando
1198 1591 1374 1623 poenarum
1386 1592 1506 1623 genera

251 1633 344 1673 Quod
353 1632 394 1664 de
401 1636 514 1665 sancto
521 1633 659 1673 sumpsit
668 1633 795 1674 altario,
960 1632 1044 1665 Suae
1059 1634 1184 1672 martyr
1195 1632 1357 1663 caelorum
1368 1641 1504 1664 munera

302 1682 451 1716 Certavit
478 1681 633 1722 legitime.
1008 1681 1221 1720 Praeparavtt
1247 1681 1385 1714 animae.

157 1791 218 1824 5a.
248 1789 320 1831 Qui,
339 1788 382 1821 ad
400 1798 545 1821 mensam
561 1789 636 1822 dum
652 1789 795 1830 sederet,
858 1787 922 1822 5b.
954 1787 1072 1820 Manus
1099 1788 1199 1820 iactat
1225 1791 1256 1819 et
1282 1789 1441 1820 insontem

250 1838 354 1871 Paulo
379 1838 471 1879 prius
490 1847 584 1878 quam
603 1839 795 1878 pranderet,
956 1836 1045 1870 Male
1060 1840 1181 1869 tractat
1195 1841 1347 1877 tanquam
1363 1841 1500 1879 sontem,

298 1887 371 1920 Cito
397 1887 494 1920 turba
520 1887 660 1919 militum
1004 1887 1154 1927 Arguens
1182 1885 1410 1927 Hippolytum.

149 1995 211 2029 6a.
242 1994 428 2027 Accusatus
454 2003 518 2027 uon
545 1998 687 2036 accusat,
858 1994 923 2027 6b.
956 1993 1048 2026 Tunc
1076 1994 1116 2026 de
1142 1994 1213 2025 Deo
1240 2001 1455 2033 responsurus

245 2043 388 2085 Propter
417 2043 525 2076 Deum
552 2052 612 2076 nec
638 2047 769 2076 recusat
955 2042 998 2076 Et
1026 2052 1086 2083 pro
1113 2051 1150 2074 eo
1178 2042 1354 2073 moriturus

296 2092 414 2126 Subire
438 2093 656 2134 martyrium;
1005 2091 1146 2124 Ducitur
1172 2091 1214 2123 ad
1239 2090 1388 2122 Decium.

146 2202 211 2236 7a.
243 2200 303 2241 Qui
332 2200 362 2234 vi
389 2210 448 2233 sua
475 2199 708 2233 blandimentis
857 2200 875 2233 7
892 2199 925 2233 b.
958 2199 1023 2232 Sed
1051 2197 1224 2232 verborum
1252 2196 1475 2230 blandimenta

243 2251 342 2284 Prius
370 2253 491 2290 tentat,
519 2256 595 2292 post
621 2249 792 2282 tormentis
954 2247 1029 2280 Non
1056 2251 1210 2279 revocant
1235 2254 1294 2277 nec
1320 2250 1482 2279 tormenta

291 2299 439 2332 Trahere
465 2298 678 2341 spurcitiam3
1001 2295 1097 2327 Hunc
1124 2295 1167 2326 ad
1194 2294 1392 2329 idolatriam.

148 2409 211 2442 8a.
241 2406 340 2439 Furit
364 2415 442 2448 ergo
468 2416 527 2440 rex
552 2408 656 2440 iratus
854 2404 918 2440 8b.
951 2403 1107 2443 Tentans,
1135 2402 1196 2435 hac
1222 2403 1249 2434 si
1276 2403 1424 2435 nuditate

242 2455 289 2488 Et
313 2457 496 2497 praecepit,
522 2460 558 2488 ut
583 2455 733 2497 privatus
950 2453 1067 2485 Posset
1091 2452 1146 2484 hic
1173 2462 1192 2484 a
1220 2451 1356 2484 veritate

295 2504 370 2538 Suis
397 2505 487 2539 vivat
513 2504 669 2547 vestibus,
1001 2501 1074 2534 Suis
1101 2500 1197 2534 reddi
1223 2500 1360 2542 legibus.
