1654 2756
201 230 261 261 5a.
293 228 383 260 Inter
408 227 548 268 quinque
573 226 736 266 sapientes

295 275 440 308 Barbara
468 280 515 306 est
543 278 736 315 computata,

325 324 466 364 sponsa
490 324 600 364 sponsi
627 323 723 356 unici.

833 126 904 162 322
955 145 999 151 —

1362 78 1370 83 .-
1377 71 1522 135 ἤριπ-

1415 99 1425 105 Ᾰ.
1435 98 1451 105 „-

893 223 955 257 5b.
987 223 1090 255 Huius
1114 223 1222 255 lumen
1248 223 1408 255 claritatis

990 272 1091 304 Tenet
1117 281 1237 312 sponsa
1261 272 1376 304 summi
1403 272 1490 313 regis

1035 319 1210 352 Gertrudis
1236 321 1434 361 perenniter.

200 412 258 445 62.
290 411 417 450 Hospes
451 411 554 442 vicem
580 410 720 442 reddens
746 409 831 449 piam
892 407 954 441 6b.
985 408 1154 440 Elisabeth
1182 408 1263 440 caeli
1289 417 1407 440 manna

295 459 458 492 Martham
477 459 624 492 Christus
643 462 675 490 et
693 457 831 490 Mariam

343 507 431 540 Stola
459 508 542 539 ditat
566 507 698 547 gloriae.

205 596 263 628 721.
292 594 345 626 Sic
371 603 528 635 supernae
554 593 727 626 mansionis

297 643 484 683 Virginibus
511 648 540 674 et
568 642 722 674 matronis

345 691 449 723 Datur
475 691 648 730 habitatiog

988 456 1066 489 Cum
1094 456 1189 489 beata
1215 457 1313 489 sumit
1338 457 1445 496 Anna,

1035 505 1112 538 Flos
1139 506 1262 544 ettlux,
1290 505 1343 537 via
1369 506 1466 537 vitae.

894 591 953 625 71).
986 592 1107 631 Quibus
1134 593 1264 625 tandem
1291 596 1327 625 ut
1344 593 1528 634 iungamur,

988 640 1052 672 Det
1077 641 1180 680 huius,
1208 651 1302 681 quam
1322 650 1528 681 veneramur,

1037 689 1095 721 Pia
1121 690 1327 729 supplicatio.

276 767 359 793 Miss.
381 776 434 794 ms.
450 768 630 794 voraviense
653 776 727 793 saec.
747 765 789 793 14.
805 765 875 793 Cod.
891 766 1050 792 Voravien.
1065 764 1103 792 92
1116 764 1182 800 (35).
1199 781 1235 785 -
1252 765 1301 799 la,
1328 766 1338 793 l
1356 767 1474 794 chorus.
1493 780 1528 784 —

202 805 260 835 lb.
285 803 302 832 3
323 807 353 832 in
373 807 563 839 caelestibus;
585 806 635 832 cfr.
661 804 713 838 la,
735 805 761 830 2²..
785 821 820 824 —
845 803 897 835 43,
919 802 937 830 3
959 804 1097 839 paradiso
1119 809 1263 832 coruscat.
1285 821 1323 824 —
1344 805 1401 832 Str.
1423 804 1442 832 4
1463 814 1490 832 u.
1513 804 1531 832 5

199 844 458 881 vernachliissigen
481 845 662 880 vollstiindig
687 844 743 871 deu
772 847 854 870 sonst
882 842 1051 879 gewahrten
1077 844 1177 875 Reim,
1205 844 1271 871 sind
1294 845 1358 871 also
1381 844 1458 871 wohl
1481 845 1530 871 eiu

200 885 329 918 spi-'iteres
357 883 570 910 Einscliiebsel.
613 884 694 909 Dazu
724 882 823 909 warde
853 883 989 908 stimmen
1019 881 1066 908 die
1094 883 1216 917 Augabe
1245 883 1416 910 Chevaliers
1446 884 1530 918 (Rep.

200 921 338 956 Hymnol.
361 922 411 947 ΝΥ.
440 920 558 953 21743),
589 921 710 948 wonach
739 923 769 948 in
791 922 885 947 einem
908 920 1264 948 Franziskaner-Missale
1286 931 1321 948 zu
1343 922 1530 957 vingtrinier

199 960 245 986 die
274 960 387 993 gleicho
415 962 547 995 Sequenz
576 969 629 987 aus
658 969 713 986 nur
740 959 758 986 4
787 959 1000 995 sechszeiligen
1029 959 1087 985 und
1115 959 1132 987 2
1154 961 1348 996 vierzeiligen
1378 960 1526 996 Strophen

199 999 338 1025 bostehen
360 998 424 1025 soll.

611 1073 678 1103 360.
720 1073 761 1103 De
784 1073 903 1104 sanctis
927 1071 1122 1113 Virginibus,

201 1144 216 1175 1
234 1153 262 1175 a.
295 1143 363 1175 Rex
390 1143 551 1184 ingressus
577 1144 609 1175 in
637 1144 808 1184 virgultum

343 1191 472 1223 Throno
499 1192 587 1223 sedet
616 1192 713 1231 regio,

297 1239 393 1271 Cuius
421 1241 504 1271 canit
531 1244 604 1271 ante
631 1240 751 1271 vultum

344 1287 518 1327 Virginalis
545 1288 660 1321 contio.

205 1375 262 1405 23.
294 1374 402 1412 Agnes
428 1383 509 1413 agno
536 1374 740 1413 desponsata,

297 1421 397 1452 Novis
423 1422 527 1452 arrhis
554 1422 756 1459 subarrhata.

298 1469 399 1507 Bysso
426 1470 543 1501 mundo
574 1469 736 1509 decorata,

346 1517 452 1549 Prima
477 1527 594 1557 sponso
620 1519 744 1551 iubilat.

202 1604 263 1635 3a.
295 1603 359 1634 Vas
386 1604 569 1635 redundans
596 1605 676 1642 oleo,

298 1651 383 1682 Rore
410 1653 549 1684 candens
576 1654 689 1693 lacteo,

295 1699 393 1730 Trino
421 1701 509 1731 dlves
535 1710 632 1733 aureo

343 1746 469 1779 Gaudet
497 1749 687 1781 Katharinn.

199 1836 260 1866 421.
294 1834 393 1864 Lucia
416 1834 583 1874 mirabilis,

298 1881 450 1914 Columna
477 1892 539 1914 non
566 1883 703 1918 mobilis,

294 1930 406 1961 Turris
433 1930 628 1963 invincibilis

343 1977 419 2010 Cum
447 1989 564 2020 sponso
590 1979 739 2012 laetatur.

200 2067 258 2097 5a.
291 2064 509 2104 Margaretam
535 2065 649 2098 imbuit

344 2113 409 2144 Ros
435 2115 694 2155 supercaelestis,

294 2161 390 2193 Cuius
417 2164 483 2194 vita
509 2163 639 2195 canduit

341 2210 486 2242 Moribus
513 2212 674 2251 honestis;

198 2295 259 2328 62.
293 2296 446 2337 Sponsae,
474 2307 531 2330 nos
556 2299 599 2331 ad
625 2300 758 2332 crimina

342 2344 461 2378 Curvat
486 2347 596 2379 mundi
623 2349 728 2388 restis,

291 2392 432 2426 Fundite
458 2397 643 2435 precamina

341 2442 406 2474 Pro
433 2443 524 2476 nobis
551 2446 704 2485 molestis,

892 1145 909 1176 1
925 1144 953 1177 b.
986 1145 1081 1176 quta
1108 1154 1213 1186 regem
1242 1146 1419 1178 collocatur

1034 1193 1072 1224 In
1098 1195 1227 1226 stellato
1253 1195 1333 1226 solio

988 1241 1098 1280 Virgo,
1125 1252 1206 1282 quae
1231 1241 1497 1282 praedominatur

1037 1289 1202 1331 virginum
1231 1291 1377 1330 collegio,

892 1375 954 1408 2b.
986 1376 1081 1407 Velut
1108 1378 1179 1417 apis
1205 1376 1313 1409 fructu
1339 1382 1439 1418 grata,

987 1424 1082 1455 Foris
1107 1425 1194 1457 intus
1219 1425 1356 1462 illibata,

986 1473 1082 1504 Rosis
1110 1474 1217 1506 vernis
1243 1479 1397 1506 coronata

1035 1520 1176 1554 Caecilia
1203 1523 1325 1555 rutilat.

892 1607 953 1640 3b.
985 1608 1113 1648 Agatha
1140 1619 1210 1641 cum
1238 1619 1338 1641 cuneo

988 1656 1147 1689 Decantat
1172 1659 1335 1699 virgineo:

986 1705 1143 1738 Mammas
1170 1716 1265 1738 sanas
1292 1706 1395 1739 habeo

1035 1753 1152 1793 Sponsi
1178 1755 1349 1788 medicina.

891 1839 954 1873 4b.
987 1840 1082 1872 Clara
1109 1842 1234 1874 clarens
1261 1843 1375 1883 titulis,

989 1888 1186 1929 Praepotens
1213 1892 1386 1935 miraculis,

987 1936 1163 1970 Indefessis
1189 1941 1328 1972 modulis

1036 1985 1160 2026 sponso
1186 1989 1383 2022 modulatur.

892 2071 951 2103 hb.
983 2072 1071 2104 Nihil
1097 2075 1159 2107 sibi
1185 2076 1294 2108 nocuit

1035 2122 1221 2156 Draconina
1247 2125 1359 2165 pestis,

987 2170 1066 2202 Frui
1093 2180 1211 2212 sponso
1238 2175 1352 2206 meruit

1034 2219 1071 2250 In
1097 2222 1236 2254 aeternis
1264 2221 1364 2257 festis,

891 2303 954 2337 6b.
987 2305 1031 2338 Ut
1056 2315 1193 2346 sponsus
1219 2314 1250 2341 et
1278 2311 1408 2344 domina

1035 2354 1135 2388 Tutos
1162 2367 1179 2388 a
1207 2357 1343 2392 funestis

987 2402 1053 2434 Nos
1081 2403 1177 2437 ducat
1203 2408 1244 2439 ad
1272 2410 1410 2450 agmina,

1035 2451 1114 2484 Cum
1141 2455 1254 2494 quibus
1283 2468 1337 2490 vos
1364 2459 1453 2493 estis.
