1654 2756
731 140 995 177 —147—

185 235 248 269 2a.
283 234 334 267 Tu
360 239 549 270 constanter
573 237 729 272 immania

285 283 456 317 Pertulisti
482 286 645 327 supplicia

335 332 397 365 Pro
407 334 548 378 Christo,
557 344 677 375 sponso
687 336 809 377 gloriae
820 347 827 375 ;

284 380 349 421 Sic,
377 391 452 415 rosa
477 384 666 426 patientiae,

288 430 431 463 Palmam
459 431 568 464 ferens
597 433 753 465 victoriae

332 478 496 512 Transisti
521 481 564 513 ad
587 481 755 523 caelestia,

898 239 960 274 2b.
988 240 1054 274 Ubi
1079 241 1192 282 sponsi
1217 242 1391 282 consortia,

987 290 1167 329 Amplexus
1195 294 1226 322 et
1253 290 1373 322 solacia

1036 338 1170 372 Obtines
1197 348 1281 371 nunc
1308 339 1340 371 in
1368 339 1489 380 requie.

988 412 1419 421 ........

988 460 1421 469 ........

183 567 245 600 32.
282 566 308 599 Ο
336 570 382 607 tu,
409 568 502 609 virgo
525 572 590 600 tam
618 569 725 609 beata,

282 615 397 648 Multis
424 616 524 657 signis
552 618 718 657 decorata,

330 664 413 696 Mihi
439 665 484 697 sis
510 666 676 706 propitia3

899 569 958 603 3b.
986 569 1091 602 Aufer
1114 572 1181 603 iras
1209 576 1240 602 et
1268 571 1408 612 dolorm,

986 618 1114 650 Mentes
1143 618 1226 658 fove,
1256 618 1360 652 forma
1387 628 1490 652 mores

1036 667 1172 700 Pietatis
1199 669 1314 709 gratia.

184 753 246 784 4a.
285 752 361 784 Piae
388 753 502 785 matris
527 754 581 793 pia
607 754 728 794 proles,

284 800 346 832 Hie
366 806 548 842 purgatum,
575 803 705 842 quando
724 803 825 842 voles,

331 849 490 882 Transfer
516 860 566 882 me
592 851 634 883 ad
662 861 790 892 supera.

894 754 956 788 4b.
986 755 1065 787 Eius
1092 759 1204 787 sancta
1231 756 1285 795 pia
1312 764 1408 795 prece

983 803 1032 835 Tu
1058 813 1109 835 me
1135 803 1176 835 de
1201 804 1346 836 secunda
1371 813 1460 844 nece,

1032 852 1089 884 Pie
1117 853 1199 893 Iesu,
1226 853 1339 884 libera.

262 936 397 963 Oration.
420 940 448 962 et
464 938 604 972 Sequent.
625 946 678 964 ms.
696 938 862 974 Campense
879 939 950 965 anni
968 936 1051 965 1462.
1088 938 1159 965 Cod.
1177 938 1396 965 Darmstadien.
1413 936 1478 966 5⁸21.
1496 954 1530 957 —

183 973 239 1009 4b,
263 973 276 1001 1
300 975 449 1012 Agathae,
479 984 542 1002 was
570 977 653 1004 nicht
675 977 707 1003 in
728 976 786 1003 den
807 977 976 1012 Rhythmus
997 977 1085 1012 passt.
1107 990 1144 995 -
1165 977 1223 1004 Die
1245 982 1322 1004 erste
1345 977 1472 1013 strophe.
1494 979 1532 1003 ist

183 1013 281 1048 gleieh
313 1014 366 1041 der
391 1014 501 1042 dritten
529 1015 656 1050 strophe
685 1016 717 1042 in
745 1015 797 1042 der
824 1014 959 1051 Sequenz
988 1015 1023 1042 de
1051 1016 1240 1051 Virginibus:
1275 1015 1413 1049 „Novas
1441 1017 1531 1044 Sion

184 1052 397 1087 plantulas“
420 1053 518 1085 (Anal.
535 1054 646 1088 Hymn.
663 1053 820 1087 XXXVII,
841 1054 893 1081 ΝΥ.
909 1051 990 1087 345)·,
1013 1054 1051 1081 ob
1072 1053 1139 1080 dort
1161 1054 1230 1081 oder
1252 1053 1316 1081 hier
1339 1054 1387 1081 die
1403 1054 1530 1081 Anleilw

182 1091 323 1126 gemacht
344 1092 399 1123 ist,
422 1091 504 1119 kann
525 1093 574 1119 ich
595 1093 679 1119 nicht
699 1092 900 1120 entscheiden,
924 1107 962 1110 —
983 1092 1104 1119 Ebenso
1128 1092 1221 1119 bleibt
1243 1092 1380 1127 fraglieh,
1406 1093 1442 1119 ob
1466 1101 1531 1118 vor-

183 1130 325 1157 stehende
348 1130 502 1167 Dichtung
525 1133 601 1158 trotz
625 1131 704 1158 ihtes
725 1130 846 1158 Platzes
868 1132 899 1157 in
920 1130 972 1157 dei·
995 1131 1049 1157 Hs.
1071 1135 1158 1158 unter
1181 1132 1357 1165 Sequenzeu
1378 1131 1461 1157 nieht
1482 1132 1533 1157 eiu

182 1169 360 1204 Reimgebet
381 1170 428 1195 ist.

556 1253 618 1284 156.
648 1253 683 1284 ln
707 1252 932 1284 Translatione
955 1261 980 1284 s.
1003 1253 1162 1294 Agathae.

185 1336 243 1367 la.
282 1335 353 1374 Eia,
385 1334 514 1375 fratres,
542 1344 752 1375 personemus

334 1384 402 1423 regi
429 1392 540 1425 regum
567 1385 694 1416 cantica

186 1473 244 1504 2a.
286 1471 354 1503 Hac
380 1471 413 1502 in
441 1471 494 1502 die
520 1472 674 1510 martyris
701 1475 774 1503 suut

333 1519 481 1560 Agathae
508 1520 691 1557 sollemnia,

186 1609 248 1640 3a.
287 1607 410 1640 Nostra
435 1608 526 1639 cuius
552 1606 671 1639 festum
698 1608 768 1640 iure

332 1656 471 1697 percolit
499 1656 637 1688 ecclesia

183 1745 243 1778 4a.
281 1745 411 1786 Lugens
433 1745 522 1776 illam
552 1748 583 1776 te
609 1743 723 1777 fateris

330 1794 489 1834 amisisse,
519 1793 669 1833 Graecia„

184 1885 246 1916 5a.
285 1881 440 1914 Nostrum
461 1880 533 1924 fuit,
553 1882 640 1923 quod
656 1881 827 1922 habemus3

332 1940 390 1962 cur
416 1941 456 1963 ex
483 1931 556 1963 istis
581 1930 719 1963 invida?

187 2020 244 2053 6a.
281 2019 395 2060 Tuque
421 2020 527 2061 gaude
553 2018 689 2061 speciali

331 2068 460 2110 gaudio,
489 2067 637 2109 catania,

185 2157 203 2191 7
215 2166 245 2192 a.
287 2156 385 2189 Absit
404 2157 499 2189 luxus
518 2160 560 2198 et,
580 2153 831 2201 quaezmundum

332 2209 436 2247 vorat,
464 2205 620 2243 avaritia;

185 2295 247 2330 8a.
284 2294 406 2327 Absint
432 2293 547 2337 fastus,
575 2294 629 2336 qui
657 2294 810 2326 seductos

331 2343 530 2385 pertrahunt
556 2345 597 2376 ad
625 2344 716 2384 vitia,

183 2434 249 2467 9a.
286 2433 357 2473 Qua
384 2433 521 2466 docente
547 2435 681 2465 nostrae
708 2430 798 2464 carni

331 2489 424 2515 mens
451 2483 589 2514 exsistat
617 2480 749 2514 domina

898 1335 960 1370 lb.
989 1335 1159 1368 Imitantes
1186 1335 1328 1367 melodia

1033 1393 1168 1425 superos
1196 1384 1397 1416 harmonica.

899 1471 959 1505 2b.
990 1472 1139 1503 Liberari
1166 1480 1263 1511 prece
1291 1472 1380 1503 cuius

1035 1520 1180 1552 creditur
1207 1521 1286 1552 haec
1316 1520 1435 1559 patria.

898 1607 960 1642 Sb.
988 1606 1168 1639 Sublimata
1195 1616 1255 1647 pro
1282 1607 1387 1647 ipsius

1035 1656 1183 1696 corporis
1210 1656 1408 1696 praesentia.

897 1743 957 1777 4b.
984 1744 1085 1783 Quam
1112 1753 1147 1776 se
1173 1743 1293 1784 gaudet
1320 1747 1502 1776 assecutam

1037 1793 1204 1826 Trinacris
1233 1792 1411 1833 provincia.

900 1881 960 1915 5b.
990 1881 1039 1913 Tu
1066 1879 1185 1914 furaris
1213 1889 1324 1913 omnes
1352 1885 1494 1919 sanctos,

1038 1930 1096 1962 sed
1122 1940 1186 1963 non
1213 1929 1291 1962 inde
1317 1929 1456 1970 perfida.

900 2018 963 2052 eb.
991 2017 1176 2058 Gaudiique
1202 2017 1249 2049 tui
1277 2016 1379 2048 melos

1038 2070 1199 2106 temperet
1225 2065 1397 2097 modestia.

901 2154 959 2189 7b.
989 2155 1059 2187 Iam
1086 2153 1215 2185 abunde
1243 2156 1357 2193 regnat
1383 2153 1416 2185 in
1444 2152 1494 2184 his

1038 2206 1172 2235 satanae
1199 2201 1336 2235 malitia.

901 2291 962 2325 8b.
990 2290 1036 2324 Et
1060 2289 1218 2322 salvatrix
1248 2289 1380 2322 Christo
1409 2288 1509 2321 dante

1037 2338 1131 2372 nobis
1158 2339 1239 2371 assit
1264 2338 1380 2379 gratia.

901 2427 962 2462 9b.
990 2427 1035 2460 Et
1060 2427 1191 2459 iuvante
1218 2430 1347 2468 premat
1373 2428 1442 2460 eius

1041 2474 1172 2508 fortiter
1198 2476 1377 2511 molimina.

1303 2532 1364 2563 10*
