1654 2756
213 252 274 284 6a.
307 249 353 283 Ut
378 250 538 282 Iohannes
563 251 738 281 attestatur
910 246 974 280 fib.
1007 245 1076 287 Ipsi
1103 244 1245 277 clamant
1271 241 1330 276 sub
1356 241 1454 275 altari

309 298 353 330 Et
378 299 412 330 in
438 298 505 330 suis
531 297 662 337 scriptis
688 296 786 338 fatur,
1009 293 1267 334 sanguinemque
1293 290 1454 324 vindicari

358 347 486 379 Novum
513 349 646 378 cantant
672 346 848 388 canticum3
1057 342 1155 374 Suum
1181 343 1297 382 petunt
1322 340 1463 372 unicum.

216 434 275 465 7a.
308 432 351 464 Hi
379 436 453 464 sunt
478 431 722 473 incoinquinati,
913 430 932 462 '7
944 430 974 464 b.
1005 430 1080 470 Vos,
1107 429 1162 469 qui
1186 427 1278 469 puris
1303 428 1463 467 puriores,

311 480 447 513 Prorsus
471 480 728 518 incontaminati,
1006 477 1141 510 Mundis
1168 476 1247 508 estis
1270 476 1468 515 mundiores,

359 529 473 572 Carne,
502 533 608 560 mente
633 528 786 568 virgines,
1057 525 1125 558 Nos
1151 524 1309 557 Mundi
1333 524 1490 564 homines,

213 617 273 649 83.
305 615 357 647 Ab
385 615 549 647 immundo
580 614 692 646 mundi
721 613 849 653 mundo,
911 613 974 646 8b.
1007 612 1199 645 Trinitatem
1226 611 1484 651 contemplemur

311 663 434 705 Facite,
460 663 546 703 quod
573 663 670 694 corde
694 662 814 694 mundo
1005 661 1050 693 Et
1074 661 1109 692 in
1135 670 1173 693 ea
1198 659 1373 700 gloriemur

361 712 482 743 Vestris
509 711 629 743 sanctis
654 710 804 750 precibus
1055 709 1092 740 ln
1118 708 1266 749 supernis
1293 707 1436 740 sedibuS.

291 783 380 811 Grad.
392 792 445 810 ms.
458 782 581 809 Amoldi
596 782 848 817 Aquisgraneusis
860 789 937 808 saec.
950 778 995 808 13.
1007 781 1047 807 in.
1059 779 1130 807 Cod.
1144 781 1241 816 Capit.
1254 777 1553 815 Aquisgranen.X11.

644 875 713 906 250.
756 874 798 906 De
820 883 860 905 ss.
882 873 1114 906 Innocentibns.

773 948 803 981 1.
831 946 984 978 Alleluia.

210 1036 270 1066 2a.
302 1034 439 1074 Agmina
467 1033 527 1065 tibi
552 1043 669 1066 sonora
907 1034 966 1065 2b.
1001 1033 1224 1071 Pantocrates,
1251 1031 1321 1072 poli
1347 1032 1422 1064 aula

306 1083 480 1122 psallentia
505 1091 635 1123 organa,
1003 1089 1099 1112 cerne
1125 1081 1214 1112 clara
1239 1080 1280 1112 ab
1306 1080 1374 1114 illa.

213 1170 273 1201 33.
306 1168 424 1200 Sancta
450 1167 504 1208 qui
531 1177 587 1200 nos
614 1172 669 1199 tua
694 1167 766 1200 kira
908 1167 970 1199 3b.
1001 1166 1038 1208 O,
1066 1166 1129 1197 iam
1154 1175 1325 1206 precamur
1351 1170 1394 1205 te,
1422 1170 1477 1198 tua

306 1217 474 1256 plasmasti
500 1218 642 1254 aeterna,
1001 1218 1115 1254 pereat
1140 1223 1180 1246 ne
1206 1215 1261 1254 pia

308 1263 431 1296 donans
460 1263 579 1296 caelica
606 1272 713 1304 regna,
1002 1262 1129 1293 miseris
1156 1262 1342 1302 plasmatio.

212 1352 274 1383 43.
307 1350 373 1381 lam
402 1351 528 1382 vincula
907 1349 970 1382 4b.
1001 1348 1171 1388 Florigera

308 1402 418 1431 nostra
444 1398 532 1430 solve
558 1402 674 1429 cuncta
1004 1395 1149 1428 fruamur
1174 1397 1293 1437 patria,

308 1447 397 1485 pacis
425 1446 532 1478 dando
558 1447 666 1478 munia
692 1454 833 1485 summa;
1004 1444 1161 1476 concedat
1187 1448 1242 1477 tua
1269 1445 1449 1485 clementia,

666 1536 696 1566 5.
724 1532 860 1565 Saecula
885 1541 943 1572 per
970 1536 1097 1567 cuncta.

285 1605 407 1641 Tropar.
432 1614 484 1631 rus.
506 1605 690 1632 Nivernense
713 1612 789 1632 saec.
814 1603 857 1630 11.
880 1603 950 1631 Cod.
973 1604 1101 1631 Pal-isin.
1123 1602 1208 1630 9449.
1233 1604 1266 1630 A.
1292 1618 1326 1623 —-
1344 1603 1498 1639 Antiphon
1521 1608 1550 1631 et

209 1643 298 1670 Grad.
322 1653 374 1669 ms.
398 1645 581 1670 Nive-mense
604 1652 679 1670 saec.
704 1640 748 1670 12.
772 1643 842 1669 Cod.
864 1642 995 1670 Parisin.
1018 1643 1114 1668 Nouv.
1138 1651 1201 1677 aeq.
1226 1640 1308 1669 1235.
1334 1643 1367 1668 B.
1389 1656 1426 1660 -
1449 1640 1508 1673 23,
1533 1641 1551 1670 2

210 1682 373 1717 psallantia
395 1683 428 1708 A.
456 1697 493 1700 —
519 1680 577 1713 33,
603 1681 615 1708 1
640 1682 729 1716 kyrra
753 1682 791 1714 A3
814 1681 882 1707 kira
903 1681 982 1708 wohl
1004 1693 1041 1701 =
1060 1682 1143 1716 766593
1166 1681 1217 1707 cfr.
1238 1680 1309 1707 kere
1331 1693 1369 1702 =
1388 1683 1490 1719 χαῖρε.
1514 1697 1549 1700 -

210 1720 270 1752 43,
291 1718 308 1746 2
331 1721 427 1747 solvet
442 1720 475 1746 A.
491 1734 527 1738 —<
542 1720 598 1752 4b,
620 1719 637 1746 3
658 1728 716 1755 quo
732 1720 816 1747 cedat
837 1719 870 1746 B.
893 1733 929 1737 —
950 1719 1096 1746 Melodie:
1122 1719 1258 1753 „Dulce
1280 1718 1454 1755 lignu1n“,
1476 1721 1553 1747 nach

212 1758 351 1785 welchem
382 1759 507 1785 Schema
538 1767 565 1785 u.
593 1768 618 1785 a.
645 1758 693 1784 die
722 1758 896 1794 Sequenzen
926 1757 1117 1793 „Gaudeat
1152 1758 1307 1784 fidelis⁴⁶
1338 1758 1398 1785 und
1435 1759 1552 1792 „Laus

211 1800 345 1832 surgat
366 1797 525 1832 ubique“
540 1797 636 1827 (Anal.
653 1797 762 1830 Hymn.
786 1796 848 1828 XL,
870 1796 922 1822 Nr.
940 1795 975 1822 12
989 1805 1017 1823 u.
1042 1794 1088 1828 13)
1107 1796 1211 1831 gehen.
1227 1811 1264 1814 --
1279 1797 1451 1824 Auffallend
1466 1798 1505 1824 ist
1521 1800 1552 1825 in

212 1834 265 1867 312,
287 1834 304 1861 3
319 1835 366 1863 die
383 1835 511 1870 Endung
532 1834 583 1862 der
603 1835 727 1862 Klausel
750 1835 803 1862 auf
821 1842 857 1868 ος
879 1835 916 1861 ob
935 1835 1089 1862 vielleicht
1112 1833 1307 1871 ,‚plasmatio“
1330 1836 1471 1864 verderbt
1493 1837 1531 1864 ist
1540 1839 1552 1863 ²?

573 1929 637 1960 251.
672 1929 715 1959 De
737 1931 845 1960 sancto
866 1928 1005 1960 Iohanne
1027 1928 1182 1969 Baptista.

675 2011 710 2045 1.
736 2010 856 2043 Christi
882 2009 1036 2050 baptista,

738 2068 798 2099 pro
824 2058 916 2090 nobis
944 2059 1117 2090 Dominum

735 2116 819 2138 nunc
845 2115 953 2140 exora.

211 2187 272 2218 23.
305 2184 399 2216 Nunc
426 2189 483 2216 tua
507 2184 673 2216 sollemnia
909 2185 974 2218 2b.
1006 2184 1111 2216 Natus
1138 2194 1183 2225 es,
1210 2188 1246 2216 ut
1273 2184 1385 2217 divina

308 2233 428 2265 mundo
455 2232 661 2274 praefulgent
1006 2232 1079 2264 orbi
1104 2233 1261 2265 clamares

308 2282 386 2313 satis
413 2281 574 2323 iucunda;
1007 2289 1086 2313 voce
1111 2289 1285 2321 praecona.

215 2369 274 2401 3a.
307 2367 428 2400 Christi
455 2369 635 2408 praesentis
660 2369 797 2409 vestigia
912 2367 976 2400 3b.
1007 2367 1146 2399 Dicens:
1173 2367 1270 2406 Ecce,
1291 2367 1344 2400 hic
1360 2379 1462 2410 agnus
1480 2370 1555 2412 Dei,

307 2417 496 2449 monstrasti
520 2417 614 2450 nobis
640 2420 762 2458 sancta,
1009 2415 1064 2456 qui
1091 2415 1131 2448 de
1156 2417 1277 2449 mundo
1302 2421 1439 2457 peccata

308 2468 343 2496 ut
369 2465 532 2498 imitemur
558 2475 606 2508 ea,
1011 2464 1147 2504 expellit
1172 2474 1232 2506 pro
1258 2467 1382 2510 gratia;
