1654 2756
720 180 782 200 ,-
831 162 876 198 85
931 181 975 188 -

214 260 278 292 5a.
305 258 412 300 Scala,
439 267 536 298 quam
563 268 622 300 per
647 260 806 293 somnium

350 307 448 340 Iacob
476 309 726 350 contemplatur,

304 354 426 395 Bubus,
454 356 508 397 qui
534 356 720 390 incendium

351 404 426 437 Non
453 404 650 446 patiebatur,

303 453 411 493 Sidus,
439 453 526 493 quod
553 453 694 487 exidium

350 501 448 534 Moab
476 501 668 535 cominatur.

209 600 274 633 6a.
305 598 402 638 Virga
428 597 514 630 sicca
541 596 649 630 floruit

300 648 408 686 Atque
435 643 582 678 fronduit

351 695 394 726 Et
419 695 557 734 protulit

398 742 574 782 Fructum,

213 843 274 875 7a.
302 841 406 873 Terra
433 840 614 879 fructifera,

302 889 434 922 Nardus
460 887 637 927 odorifera,

302 939 397 970 Vitae
423 937 619 976 vexillifera,

351 986 436 1018 Laus
463 986 610 1029 tropaei,

210 1086 272 1118 8a.
300 1084 387 1115 Fons
414 1082 577 1123 puritatis,

299 1132 407 1163 Mater
433 1131 623 1170 honestatis,

301 1179 471 1219 Templum
500 1179 642 1217 deitatis,

348 1227 432 1260 Solis
460 1236 599 1268 camera,

207 1327 271 1360 9a.
302 1326 351 1358 Da
378 1324 489 1357 mundi
520 1324 652 1356 divitias

348 1373 521 1414 spernere,

301 1423 455 1462 Corporis
483 1421 616 1454 delicias

347 1470 486 1511 Fugere,

300 1521 500 1552 Daemonum
525 1519 678 1552 audacias

347 1568 479 1609 Terere,

398 1617 571 1659 Speculum
600 1617 769 1658 victoriae3

184 1716 268 1750 102..
298 1715 362 1755 Sic,
391 1715 508 1754 Maria,

295 1765 394 1804 virgo
421 1764 486 1804 pia,

346 1812 414 1846 Nos
441 1812 563 1844 soletur

346 1861 390 1894 Et
417 1862 564 1894 hortetur

397 1910 532 1950 Semper
557 1914 614 1942 tua
640 1909 758 1952 facies;

915 261 974 294 5b.
1002 263 1101 301 Arca,
1128 270 1191 303 qua
1217 262 1270 294 lex
1295 262 1428 302 ponitur

1050 310 1314 354 Evangeliorum,

1005 358 1105 400 Urna,
1133 369 1196 400 qua
1223 357 1412 392 reconditur

1050 407 1175 441 Manna
1202 408 1380 451 beatorum,

1006 456 1129 496 Velum,
1156 457 1242 498 quod
1267 455 1467 496 appenditur

1053 505 1090 537 In
1115 508 1229 537 sancta
1256 509 1453 540 sanctorum.

914 600 972 634 6b.
999 600 1054 642 Et,
1081 609 1175 640 quem
1200 601 1291 641 virgo
1316 602 1436 642 genuit,

1003 648 1141 680 Mortem
1169 649 1269 681 diruit

1050 698 1093 729 Et
1119 697 1253 729 abstulit

1101 745 1247 778 Luctum.

917 842 974 878 7b.
1003 842 1112 874 Decor
1137 843 1357 883 propheticus,

1003 892 1115 924 Honor
1140 893 1349 932 apostolicus,

1003 940 1128 972 Iubilus
1156 940 1332 980 angelicus,

1051 988 1159 1021 Mater
1183 988 1254 1021 Dei.

912 1084 973 1117 8b.
1002 1084 1092 1116 Uber
1118 1085 1213 1123 oliva,

1002 1132 1115 1164 Fontis
1142 1141 1225 1173 aqua
1253 1134 1337 1174 viva,

1002 1180 1116 1213 Carnis
1141 1182 1304 1213 incentiva

1050 1229 1099 1261 Tu
1126 1229 1295 1269 refrigera.

914 1325 973 1361 9b.
1002 1326 1052 1359 Da
1079 1327 1208 1358 virtutis
1235 1327 1337 1359 ardua

1052 1375 1226 1411 Scandere,

1004 1424 1161 1455 Veritatis
1189 1433 1307 1457 cernua

1053 1473 1203 1510 Cernere,

1003 1520 1054 1553 Da
1080 1520 1140 1553 Dei
1169 1520 1323 1553 melliflua

1052 1570 1207 1610 Carpere,

1101 1618 1258 1650 Diadema
1285 1618 1418 1660 gloriae.

891 1716 934 1748 10
944 1715 972 1748 b.
1001 1716 1042 1748 Et
1071 1715 1187 1748 assiste

1001 1765 1116 1807 Nobis,
1145 1765 1285 1804 Christe,

1050 1814 1119 1846 Nec
1148 1814 1296 1853 desistas,

1049 1863 1161 1895 Donec
1187 1864 1294 1906 sistas,

1099 1911 1165 1945 Ubi
1191 1916 1223 1944 te
1251 1921 1308 1944 nos
1331 1912 1442 1944 saties

254 1997 379 2026 Collect.
397 2007 450 2026 ms.
467 1997 497 2025 S.
512 1998 615 2026 Crucis
630 1999 794 2026 Florentin-
810 2007 887 2027 saec.
899 1996 974 2027 stlu.
1002 1999 1072 2027 Cod.
1089 2000 1283 2027 Laurentian.
1299 1999 1344 2027 Pl.
1360 1999 1438 2027 dext.
1450 1999 1525 2028 XIX

173 2038 247 2067 Cod.
267 2035 310 2065 10.
335 2052 372 2056 --
394 2039 450 2065 Mit
464 2037 603 2070 Melodie,
625 2037 674 2066 die
697 2038 743 2065 fiir
759 2037 844 2074 jedes
861 2039 1087 2075 Strophenpaar
1102 2039 1295 2066 verschieden
1311 2039 1359 2065 ist.
1378 2053 1414 2058 —
1434 2036 1488 2072 3a,
1505 2037 1524 2067 2

172 2078 301 2106 Gemma
322 2078 468 2114 speciosa.
491 2092 527 2096 -ν
550 2076 631 2105 Alles
653 2077 767 2113 spricht
787 2077 834 2105 fiir
855 2078 912 2106 den
935 2077 1100 2106 Charakter
1122 2079 1204 2106 einer
1226 2078 1376 2114 Sequenz;
1400 2086 1456 2105 nur
1477 2078 1525 2107 die

174 2117 308 2145 Einzahl
331 2118 362 2144 in
385 2118 442 2144 Str.
470 2114 481 2143 1
506 2116 564 2144 und
587 2114 605 2143 2
626 2116 726 2144 macht
747 2127 777 2145 es
801 2117 989 2152 zweifelhaft,
1012 2118 1050 2144 ob
1072 2118 1155 2145 nicht
1177 2119 1244 2144 eine
1262 2118 1369 2145 Cautio
1388 2116 1525 2154 vorliegt.

639 2232 683 2263 77.
717 2232 760 2264 De
781 2231 881 2264 Beata
902 2231 1004 2263 Maria
1028 2231 1061 2262 V.

603 2315 635 2347 1.
664 2313 761 2348 Orbis
790 2314 958 2346 continens
987 2316 1103 2346 cuncta

897 2402 957 2436 ab.
985 2400 1170 2442 Disponens
1197 2401 1312 2441 sophia

984 2459 1052 2488 sua,
1079 2459 1173 2491 quam
1201 2455 1355 2491 genuerat
1383 2456 1460 2485 ante

984 2499 1114 2532 saecula
1139 2499 1257 2539 omnia¹

184 2405 247 2438 2a.
278 2402 362 2435 Deus
390 2403 546 2436 caelestia

276 2451 372 2484 simul
399 2452 544 2494 patravit
571 2450 784 2492 condiditque

270 2501 475 2542 praevidens
501 2501 632 2543 ubique,
