1654 2756
153 239 170 272 7
182 247 212 271 a.
240 239 426 273 Clamemus

289 289 508 333 Unanimiter‚

288 338 467 372 Humiliter
477 351 484 372 ε

338 388 456 422 Maria.

149 485 210 517 8a.
239 485 385 518 Ostende

288 533 392 566 Nobis
418 533 520 566 filium

287 582 332 615 Et
357 582 514 615 auxilium

238 631 373 663 Maestis
400 631 553 671 impende

287 679 324 711 In
351 680 465 711 mortis
491 679 581 712 hora.

145 777 207 809 9a.
234 776 304 808 Nos
329 777 362 809 in
390 777 452 809 hae
479 777 545 809 vita

236 825 287 858 Ita

285 873 333 906 Te
360 874 532 906 laudantes

335 922 489 965 visitare,

238 971 283 1004 Ut
308 972 343 1003 in
369 972 524 1003 extremis

287 1020 489 1053 Laborantes

236 1068 409 1100 Valeamus
436 1069 558 1100 attrahi
585 1069 758 1111 supremis,

336 1117 444 1156 Virgo,
474 1116 620 1156 dignare.

795 145 840 180 65
892 164 939 169 -

859 243 917 279 7b.
945 245 1120 279 Cantemus

995 293 1074 326 Tam
1104 292 1320 329 concorditer,

994 342 1096 381 Quam
1124 340 1282 373 dulciter:

1042 390 1069 424 O
1095 390 1160 430 pia,

855 487 916 522 8b.
945 488 1090 520 Attende

991 535 1142 568 Laudum
1169 536 1312 573 cantica3

991 584 1087 626 Veni,
1115 584 1230 623 amica,

943 632 1072 664 Vultum
1100 633 1246 673 ostende,

994 681 1092 721 Virgo
1118 681 1248 713 deeora.

852 777 914 812 9b.
943 778 1017 810 Iesu
1042 778 1190 818 benigue,

941 827 1047 866 Digne

990 875 1108 907 Manis
1135 874 1221 906 festa

1040 923 1194 956 Stabilire

941 973 1107 1012 Laetoque
1132 971 1196 1003 fine

991 1020 1100 1052 Corda
1126 1023 1249 1052 maesta

941 1068 1188 1108 Recognoseens
1215 1068 1329 1108 populi
1355 1069 1425 1100 siue

1039 1117 1183 1148 Patriam
1211 1117 1314 1148 adire.

216 1200 305 1230 Grad.
329 1211 381 1229 ms.
397 1202 571 1230 Andecense
585 1204 656 1230 anni
677 1200 758 1230 1497.
775 1202 850 1231 Clm.
865 1202 1021 1230 Monacen.
1037 1199 1123 1229 4101.
1141 1217 1175 1220 —
1191 1199 1245 1233 3b,
1261 1201 1279 1229 4
1294 1204 1326 1228 tu
1348 1200 1430 1229 fehlt.
1448 1216 1485 1222 —«

134 1240 186 1275 Ga,
209 1239 226 1268 7
248 1242 332 1276 Quae
353 1241 444 1268 verbo
467 1250 594 1269 servum.
620 1258 654 1261 —
676 1240 730 1273 6b,
752 1240 771 1268 4
793 1241 885 1274 Quae.
909 1256 945 1259 —
968 1240 1019 1271 δε,
1042 1240 1060 1268 3
1084 1240 1124 1267 Et
1145 1241 1226 1268 fehlt.
1250 1254 1286 1259 —
1310 1238 1364 1273 9³,
1385 1239 1396 1266 l
1421 1241 1482 1268 Nos

135 1280 218 1308 fehlt.
234 1295 271 1299 —
286 1280 414 1308 Schema
436 1281 474 1307 ist
497 1281 538 1315 „A
549 1290 589 1309 ve
611 1280 847 1316 praeclara“;
869 1279 1075 1316 Einleitungs-
1100 1280 1157 1306 und
1174 1279 1417 1315 Schiussstrophe
1433 1279 1485 1307 der

134 1319 379 1356 Stammsequenz
402 1319 500 1346 haben
522 1321 588 1348 eine
609 1318 834 1356 Gegenstrophe
857 1318 1000 1347 erhalten.
1037 1320 1096 1346 Ein
1121 1319 1306 1346 kunstvoller
1330 1320 1412 1346 Reim
1436 1319 1483 1346 be·

135 1358 220 1396 dingt
241 1359 289 1386 die
312 1358 475 1394 Abteilung
498 1359 655 1386 inuerhalb
677 1359 728 1386 der
749 1359 904 1386 Klauseln.

591 1462 632 1492 51.
664 1462 699 1493 lu
721 1460 913 1492 Visitatione
936 1461 1026 1492 BMV.

528 1555 555 1586 1.
586 1552 683 1593 Virgo
711 1553 829 1593 Maria,

584 1600 743 1640 Clemens,
772 1601 836 1642 pia.

630 1651 746 1682 Electa

631 1699 760 1732 Domini
785 1698 898 1732 effecta

630 1748 752 1780 Summi
779 1749 864 1788 regis
892 1752 991 1781 recta.

138 1845 201 1880 2a.
229 1845 350 1878 Missus

231 1894 477 1935 Paranymphus

279 1943 412 1976 Gabriel
440 1941 534 1974 fortis

277 1991 403 2024 Clausis
429 1991 493 2023 alvi
521 1993 624 2032 portis

325 2040 386 2072 Dei
414 2044 523 2073 natum

326 2088 442 2122 Refert
468 2090 589 2130 datum,

225 2139 414 2171 Monstrans
439 2147 479 2170 ex
506 2139 595 2171 Iesse

225 2187 272 2220 Te
298 2187 422 2229 virgam
449 2197 531 2220 esse.

135 2287 196 2322 3a.
224 2287 325 2328 Apud
352 2291 384 2319 te
411 2287 509 2327 plena

222 2336 335 2370 Omnis
361 2336 486 2377 gratiae
513 2335 650 2376 habena,

271 2387 373 2428 Quam
399 2386 509 2419 amisit
534 2386 703 2426 primaeva

271 2435 382 2468 Mater
406 2438 514 2467 mente
540 2435 634 2467 laeva

320 2484 358 2517 In
384 2488 418 2517 te
443 2483 647 2517 conclavata.

181 2544 220 2568 Bl
230 2551 246 2567 u
254 2551 281 2567 m
289 2552 303 2567 e
313 2563 319 2572 ,
337 2543 510 2573 Sequentiao
527 2542 665 2566 Ineditae.
693 2541 770 2565 VIII.

843 1846 902 1879 2b.
932 1846 1036 1879 Suave

933 1895 1074 1928 Verbum
1102 1895 1182 1935 Are,

981 1944 1118 1981 Faveas,
1147 1945 1277 1976 millene

980 1995 1169 2034 Repetitum
1197 1997 1280 2034 tene,

1029 2043 1174 2076 Unisone

1028 2091 1165 2123 Factum
1191 2089 1234 2121 ad
1260 2094 1292 2120 te

930 2140 1046 2173 Cordis
1073 2150 1092 2172 a
1117 2139 1215 2170 choro

930 2189 1019 2221 Caeli
1045 2189 1077 2220 in
1106 2186 1188 2219 foro.

841 2287 903 2322 3b.
932 2287 1027 2319 Hanc
1055 2283 1232 2318 reserando

928 2335 1087 2367 Dominus
1114 2338 1220 2366 tecum
1247 2334 1427 2374 pausandO,

977 2383 1195 2416 Abundanter
1222 2383 1425 2424 dispergens,

979 2432 1054 2465 Tibi
1081 2439 1115 2464 se
1141 2433 1336 2473 immergens

1025 2481 1127 2514 Dedit
1154 2485 1270 2514 cuneta
1295 2485 1400 2522 grata.

1283 2538 1301 2567 5
