1654 2756
694 148 960 183 —217—

153 243 249 290 ¹Cynei
279 244 368 273 ABG.
395 257 432 262 —
463 243 520 277 53,
548 242 562 272 1
591 245 765 274 Sueworum
789 246 851 278 CF:
881 247 1054 274 Swenorum
1076 247 1113 278 B;
1145 245 1297 273 Sweorum
1319 244 1356 272 Ε.
1379 258 1413 263 --
1445 243 1498 274 5a,

152 281 171 310 ὀ
200 283 362 311 Thecuites
393 283 505 311 BCEF.
535 298 569 303 —
599 284 744 312 Melodie:
778 284 1065 317 SanctiDavid,
1095 285 1168 312 aber
1196 285 1248 311 mit
1276 285 1428 320 Kiirzung.
1459 297 1498 302 -

152 323 313 350 Verfasser
334 321 413 350 wohl
429 322 515 357 jener
537 322 588 361 des
611 321 907 352 Helena-Officium.
929 324 1060 352 niimlich
1078 323 1320 359 Brinolphus
1336 322 1499 350 Scarensis.

153 360 213 389 Cfr.
236 361 410 398 Klemming
430 362 453 393 Ι,
475 370 503 397 p.
528 360 591 389 123.

541 436 610 468 238.
653 435 697 468 Do
719 445 744 468 s,
768 436 900 468 Heni-ico
924 437 1100 478 [psalensi.

157 522 218 554 la.
255 519 376 552 Coetus
401 523 513 551 noster
539 520 645 551 laetus
671 522 740 551 esto
860 519 922 552 1b.
954 521 1056 559 Quem
1082 520 1193 560 elegit,
1221 528 1316 560 quem
1344 519 1472 552 dilexit.

253 569 318 603 Pro
344 567 481 600 Henrici
507 575 600 599 sacro
628 565 721 609 festo,
954 570 1054 609 Quem
1069 569 1208 606 ornavit,
1224 576 1317 608 quem
1332 567 1496 608 provexit.

254 617 315 650 Est
341 615 488 650 laetandi
515 625 613 648 causa
639 621 771 656 praesto
958 618 994 648 In
1022 616 1159 648 sublime
1185 626 1278 655 quem
1307 616 1411 648 erexit

303 665 469 700 Praesulis
496 664 682 698 celebritaS.
1003 664 1122 696 Divina
1150 664 1342 704 benignitas,

155 762 218 794 2a.
252 759 351 792 Ortus
377 759 410 790 in
438 757 620 793 Britannia,
859 755 923 788 2b.
956 755 1071 789 Clarus
1099 756 1130 787 in
1160 755 1308 796 Upsalia,

254 807 388 841 Pollens
415 806 478 838 Dei
503 806 610 847 gratia
956 804 1092 836 Demum
1119 813 1179 844 pro
1205 804 1329 835 iustitia

254 857 403 896 Superna
429 855 638 895 providentia
955 853 1138 885 Decertans
1165 853 1197 884 in
1225 852 1402 885 Finlandia

305 902 457 938 Pontifex
485 902 636 935 efficitur.
1006 902 1100 940 Pugil
1128 901 1251 933 Christi
1276 901 1422 933 moritur.

157 1002 218 1034 33.
252 999 348 1031 Miris
367 997 467 1038 signis
495 1000 525 1028 et
553 995 652 1028 variis
858 993 919 1026 3b.
954 993 1057 1025 Deum
1087 1003 1207 1035 verum,
1237 1002 1330 1033 quem
1361 993 1470 1025 coluit.

255 1047 410 1080 Sanctum
437 1054 529 1077 suurn
556 1043 715 1084 prodigiis
956 1042 1087 1073 Amavit
1114 1046 1210 1081 atque
1235 1042 1344 1073 docuit

305 1095 463 1127 Declarat
488 1091 709 1125 venerabilem
1004 1090 1184 1122 Colendum
1210 1094 1241 1121 et
1268 1090 1452 1122 amabilem.

155 1191 214 1222 4a.
248 1188 379 1227 Martyr
404 1185 476 1222 Dei.
504 1185 566 1216 iam
594 1182 743 1216 laborum
860 1181 923 1214 4b.
954 1180 1202 1213 Telaudantem
1219 1184 1498 1213 nostrumcoetum

252 1236 297 1269 Et
323 1234 474 1267 mercede
501 1235 735 1265 tormentorum
957 1229 1000 1261 Et
1026 1229 1058 1260 in
1086 1233 1141 1261 tua
1167 1229 1264 1261 laude
1291 1229 1412 1261 laetum

304 1284 435 1316 Summo
463 1282 547 1314 bono
573 1281 643 1312 sine
669 1282 757 1311 metu
1005 1277 1073 1309 Fac
1100 1278 1131 1309 in
1161 1282 1253 1309 coetu
1280 1278 1468 1318 angelorum

303 1333 347 1365 Et
369 1334 554 1364 sanctorum
575 1328 686 1361 fruens
705 1332 798 1360 coetu
1005 1325 1217 1367 Sempiteena
1246 1326 1416 1358 beatorum

353 1382 390 1413 In
416 1384 551 1412 aeterna
575 1377 691 1418 gloria,
1056 1375 1185 1408 Perfrui
1213 1375 1350 1409 laetitia.

234 1467 366 1504 Legend.
396 1476 450 1494 ms.
472 1466 629 1492 Laurentii
651 1464 766 1491 Odonis
787 1462 952 1497 Lincopen.
982 1470 1060 1488 saec.
1090 1460 1166 1489 ¹⁴25.
1189 1461 1260 1488 le.
1284 1460 1429 1488 Dreszden.
1481 1462 1504 1487 Α

160 1506 222 1537 182.
247 1509 281 1535 A.
303 1523 341 1527 —
364 1507 449 1534 Miss.
480 1513 532 1532 ms.
556 1504 701 1531 Scarense
730 1510 807 1529 saec.
840 1499 883 1528 15.
906 1500 979 1529 Cod.
1003 1501 1145 1536 Upsalen.
1170 1500 1192 1527 C
1213 1498 1279 1527 427.
1304 1500 1335 1526 B.
1358 1515 1395 1519 —
1418 1500 1504 1528 Miss.

158 1548 330 1584 Upsalense
351 1547 421 1582 imp.
444 1545 556 1579 absque
580 1542 626 1573 (ca
649 1539 742 1575 1487).
765 1540 796 1569 C.
819 1556 855 1560 —
876 1540 962 1567 Miss.
977 1539 1147 1574 Upsalense
1171 1541 1239 1575 imp.
1257 1539 1395 1566 Basileae
1420 1537 1502 1566 15122,

159 1588 196 1615 D.
218 1602 254 1604 —
271 1586 357 1613 Miss.
373 1585 553 1619 Stregnense
569 1582 638 1618 imp.
655 1581 794 1608 Lubecae
812 1576 897 1606 1487.
913 1578 948 1606 Ε.
964 1593 1002 1597 -—-
1017 1579 1099 1605 Min<⁴
1118 1579 1254 1606 Abuense
1278 1580 1347 1613 impl
1364 1579 1503 1605 Lubet-ae

161 1623 244 1654 1488.
261 1625 292 1653 F.
308 1640 346 1643 —
361 1622 445 1651 Nach
458 1622 510 1650 21³.
522 1620 540 1648 3
553 1620 669 1648 schiebt
680 1621 714 1647 B.
727 1620 791 1646 ein:
802 1619 967 1646 Decertans
981 1626 1033 1653 pro
1047 1620 1172 1645 iustitia.
1186 1631 1222 1636 —-
1232 1618 1290 1645 Ch:
1300 1617 1471 1652 Klemining
1485 1618 1506 1643 1.

157 1674 185 1701 p.
210 1663 264 1692 140
286 1670 330 1700 sq.

425 1737 496 1768 239.
539 1736 572 1767 ln
595 1732 818 1765 ‘translatione
841 1742 865 1763 S.
889 1732 1013 1764 Heni-ici
1042 1732 1234 1774 Upsalensis.

157 1823 216 1856 la.
251 1823 349 1857 Eece.
375 1828 512 1861 magnus
538 1817 724 1859 presbyter,
864 1813 928 1847 lb.
961 1815 1100 1848 Certans
1126 1824 1186 1855 pro
1212 1814 1336 1846 iustitia

257 1871 318 1912 Qui
346 1870 479 1912 placere
506 1868 624 1909 iugiter
962 1863 1083 1895 Christi
1114 1863 1218 1895 factus
1246 1863 1350 1895 hostia

306 1919 440 1952 studuit
464 1917 642 1958 altissim0;
1012 1912 1222 1945 Fermentato
1249 1913 1366 1945 azimo.

156 2015 176 2047 2
192 2024 221 2047 a.
256 2014 356 2047 Pater
381 2014 495 2044 nectus
522 2009 599 2051 filio,
864 2008 883 2039 2
899 2006 929 2041 b.
963 2007 1078 2039 Pastor
1106 2014 1236 2046 gregem
1263 2004 1404 2042 instruit,

255 2061 378 2096 Ovibus
407 2060 509 2102 opilio
966 2055 1055 2088 Grex
1082 2059 1246 2094 pastorem
1273 2053 1393 2085 obruit.

307 2110 477 2143 Violenter
504 2116 638 2148 pressus
655 2110 715 2140 est.
1013 2105 1084 2136 Nec
1103 2102 1201 2140 cedit,
1221 2103 1297 2134 dum
1316 2111 1430 2133 caesus
1444 2106 1505 2133 est.

157 2207 218 2241 3a.
253 2205 278 2238 O
306 2206 454 2237 sanctum
481 2199 681 2244 pontificem,
863 2197 925 2231 3b.
960 2197 1045 2229 Dum
1073 2196 1209 2228 accessit
1236 2193 1353 2231 stadio,

255 2253 321 2294 Qui
347 2252 479 2286 Domini
507 2250 641 2283 calicem
963 2246 1037 2278 Non
1064 2243 1238 2277 fraudatur
1263 2243 1376 2275 bravio

306 2301 467 2335 Exhausit
494 2299 669 2340 martyri03
1013 2294 1145 2326 Palmae
1171 2291 1290 2325 florens
1317 2293 1475 2331 praemio.

159 2398 219 2430 42.
253 2396 305 2428 De
328 2395 417 2429 valle
438 2394 588 2427 miseriae
867 2389 932 2422 4b.
964 2387 1124 2422 Revelata
1149 2384 1232 2418 facie

259 2445 391 2486 Martyr
415 2443 535 2485 migrat
562 2441 660 2475 hodie
966 2438 1086 2476 Regem
1115 2435 1217 2468 cernit
1243 2434 1367 2476 gloriae

309 2493 492 2526 Laureatus
517 2491 674 2532 sanguine
685 2500 693 2530 ς
1015 2484 1302 2525 Incircumscripto
1328 2484 1461 2518 lumine.
