1654 2756
669 113 836 150 -0-300
890 134 934 139 —

155 216 215 248 4a.
247 214 358 253 Aquae
384 217 492 253 guttae
519 211 721 244 destillantes
851 209 916 244 4b.
949 211 1010 242 Per
1035 209 1181 242 foramen
1206 208 1388 242 fistularum

253 261 314 293 Per
340 262 466 292 canales
494 259 698 302 profluentes,
945 257 1028 290 Solis
1055 263 1087 290 et
1113 267 1226 291 cursus
1253 257 1423 290 stellarum

296 309 440 342 Pluviam
468 308 682 350 simulabant3
989 307 1033 339 Et
1057 307 1153 340 lunae
1180 306 1459 351 demonstrabant.

154 399 212 434 5a.
244 400 307 431 Hic
333 408 464 440 magnus
490 400 523 431 in
548 400 670 439 palatio
845 397 904 431 5b.
935 397 1089 430 Tradidit
1114 399 1200 430 hunc
1226 397 1426 438 puniendum

246 448 407 487 Despecto
431 446 589 480 sacrificio
939 446 982 479 Et
1004 448 1125 480 acriter
1150 446 1353 486 feriendum;

296 496 427 528 Occulte
453 495 646 536 baptizatur.
989 496 1040 528 Ab
1066 496 1182 537 angelo
1209 495 1343 530 solatur.

154 589 214 621 fia.
248 589 283 618 ln
311 595 440 618 carcere
467 595 525 626 per
552 587 692 619 triduum
843 585 902 620 6b.
934 587 1055 619 Orante
1087 587 1235 619 columna
1261 587 1336 629 ruit,

247 636 471 668 permanserat
499 635 694 676 continuum,
940 634 1064 667 Multos
1091 645 1234 676 paganos
1259 636 1378 674 obruit,

294 684 328 715 In
357 683 503 714 columna
529 684 713 723 stringitur3
983 683 1027 715 Et
1052 685 1148 716 turba
1174 684 1385 719 convertitur.

152 776 209 807 7a.
242 774 430 814 Leopardus
456 774 684 814 prosternitur,
846 773 906 807 7b.
939 776 1033 807 quta
1059 784 1147 807 mare
1174 775 1357 818 deducitur,

242 822 285 854 Et
310 831 425 854 saevus
451 822 501 854 leo
524 824 669 863 moritur,
941 822 990 856 Ibi
1015 823 1104 855 loeus
1130 824 1296 863 statuitur,

292 870 385 903 Unde
409 871 500 910 plebs
527 871 717 903 admiratur.
984 871 1026 903 Et
1054 873 1161 912 capite
1187 876 1368 905 truncatur.

146 963 205 995 82.
238 962 315 994 Cum
348 969 425 993 cane
451 963 554 1001 gallus
580 963 719 1002 ponitur,
846 961 908 995 8b.
942 961 985 995 Ut
1011 972 1030 994 a
1058 960 1160 994 brutis
1187 963 1358 996 roderetur

242 1010 283 1041 Et
314 1010 345 1040 in
373 1018 459 1041 mare
486 1010 644 1050 proicitur
942 1010 998 1042 Vel
1026 1012 1057 1042 in
1085 1011 1176 1052 aquis
1201 1015 1412 1052 mergeretur,

287 1058 322 1088 ln
351 1065 524 1098 conspectu
555 1058 705 1095 oninium,
986 1059 1030 1091 Ut
1057 1059 1098 1090 sit
1125 1059 1215 1092 cibus
1242 1060 1389 1099 piscium.

144 1149 204 1181 9a.
236 1148 338 1187 Regni
364 1153 489 1187 partem
514 1147 678 1180 obtinebat
838 1149 899 1182 9b.
934 1149 977 1182 Ut
1003 1150 1043 1182 ab
1070 1151 1160 1190 aquis
1188 1150 1357 1190 liberetur,

242 1196 401 1231 Celerina,
430 1197 510 1227 hanc
538 1195 668 1236 regebat
931 1199 994 1230 Per
1019 1199 1175 1230 somnium
1202 1199 1395 1231 admonetur

287 1244 380 1276 Omni
408 1253 478 1275 cum
505 1245 643 1287 iustitia;
983 1247 1072 1278 Inter
1098 1247 1201 1281 noctis
1226 1247 1368 1280 silentia.

119 1334 162 1367 10
173 1344 200 1366 a.
234 1335 345 1374 Agatis
373 1333 489 1366 festum
515 1334 677 1377 Torpetis,
812 1337 854 1370 10
867 1336 897 1368 b.
933 1337 1065 1369 Festum
1093 1337 1308 1376 depositionis

236 1382 311 1413 Post
338 1387 497 1414 tormenta
524 1383 657 1422 capietis
930 1385 974 1416 Et
1000 1384 1159 1418 festivitas
1186 1387 1298 1428 agonis

283 1430 485 1470 Sempiterna
511 1431 646 1472 gaudia3
979 1433 1111 1466 Colatur
1138 1443 1208 1466 oum
1235 1434 1350 1474 gloria.

191 1522 329 1556 ⁵<equen‘m
378 1530 430 1547 ms.
484 1522 709 1550 Ravennatense
757 1524 827 1549 anni
876 1521 1046 1552 1585—87.
1090 1525 1161 1553 eod.
1214 1525 1348 1554 Classen.
1395 1523 1453 1555 360

112 1557 187 1589 (139.
217 1557 242 1585 5.
266 1561 304 1588 ὅ).
329 1577 362 1580 —
388 1558 461 1593 lob,
493 1560 511 1585 3
533 1561 656 1588 Colitur.
679 1575 714 1580 —-
737 1561 798 1589 Der
822 1562 877 1589 Stil
906 1563 1002 1590 dieser
1027 1566 1161 1598 sequenz
1183 1565 1223 1592 ist
1243 1564 1357 1598 derart,
1385 1564 1451 1593 dass

114 1598 162 1624 ich
190 1597 234 1623 als
257 1599 314 1625 den
337 1599 489 1625 Versus-ser
512 1599 605 1626 Adam
625 1608 684 1626 von
706 1600 848 1628 Ravenna
871 1605 1027 1629 vermuten
1049 1603 1178 1638 mochte3
1205 1604 1249 1630 sie
1271 1605 1349 1631 wfire
1371 1605 1450 1632 daun

114 1636 189 1701 noel?
212 1638 276 1664 eine
298 1637 349 1664 der
371 1637 507 1665 hesseren
530 1643 614 1665 unter
630 1640 731 1666 seinen
747 1640 929 1674 sequenzeu.
969 1641 1035 1676 Vgl.
1055 1641 1192 1669 Vorwort
1208 1643 1304 1670 dieses
1323 1642 1450 1676 Bandes,

114 1677 143 1701 ὅ.
186 1675 232 1702 .f.

544 1760 611 1790 331.
653 1760 696 1791 De
718 1762 829 1792 sancto
854 1761 1027 1794 Vincentio.

139 1845 154 1876 1
168 1855 196 1879 a⁴
226 1845 311 1877 Rosa
339 1845 401 1877 fide
428 1846 519 1878 firma
546 1846 674 1887 crescit,
829 1849 846 1881 1
859 1848 891 1881 b.
922 1849 999 1881 Flos
1014 1851 1066 1882 hie
1076 1861 1215 1884 vernans
1225 1862 1289 1885 non
1300 1863 1439 1887 marces-

232 1893 314 1926 Olim
334 1895 474 1926 candens
498 1903 580 1926 nunc
603 1894 745 1927 rubescit
1215 1901 1269 1940 eit,

282 1942 413 1973 inclitus
441 1942 639 1975 Vincentius.
924 1946 1001 1986 Sed,
1017 1948 1102 1988 quod
1113 1949 1228 1982 mirum
1241 1955 1301 1993 est,
1312 1951 1445 1984 virescit

973 1996 1008 2027 In
1036 1997 1109 2038 igne
1133 1997 1344 2038 frequentius

135 2082 193 2115 2a.
225 2082 287 2114 Hic
313 2082 411 2114 levita
437 2082 628 2115 sublimatur
827 2086 889 2120 2b.
924 2087 1081 2127 Splendet
1096 2092 1171 2121 tunc
1186 2099 1225 2122 ex
1240 2099 1316 2123 aere
1329 2101 1440 2125 murus

231 2130 741 2171 Et‚quodeandensvernabatur‚
923 2136 1088 2178 IeremiaS,
1117 2137 1200 2177 lapis
1229 2138 1328 2172 durus

280 2179 384 2210 Testis
411 2186 458 2211 est
487 2180 642 2212 Valerius.
971 2184 1077 2217 Nullis
1104 2186 1223 2218 cedens
1250 2187 1378 2222 ictibus.

135 2271 195 2302 3a.
227 2270 388 2302 Dacianus
414 2275 515 2303 terret
541 2272 661 2312 verbis,
827 2275 890 2309 3b.
923 2275 1085 2317 Superare
1110 2277 1208 2310 fidem
1235 2280 1352 2322 credit,

231 2319 319 2350 Diris
346 2320 456 2359 poenis
481 2324 513 2351 et
537 2320 662 2352 acerbis
923 2325 1007 2356 Dum
1043 2334 1171 2359 carnem
1206 2327 1264 2359 sed
1298 2338 1360 2362 non
1387 2339 1444 2362 cor

277 2367 392 2399 Fixum
417 2367 481 2400 fide
508 2367 653 2410 fortiter,
1204 2376 1320 2420 laedit,

970 2421 1114 2454 Haerens
1141 2423 1271 2457 Christo
1310 2427 1440 2469 iugiter.
