1654 2756
166 245 229 278 3a.
257 244 359 286 Caeli,
387 250 495 279 terrae
522 246 683 288 conditor,

303 294 394 327 cuius
420 296 572 328 universa

254 342 358 376 Terra
384 353 500 376 nomen
526 345 697 385 praedicat

304 391 369 424 fide
395 402 480 424 nunc
506 402 674 434 conversa,

166 471 229 503 4a.
257 468 408 502 Summae
434 478 492 502 rex
517 471 692 513 potentiae,

304 527 398 558 quem
425 525 693 559 expugnaverunt

254 566 451 598 Iudaeorum
478 567 571 599 cunei

305 616 381 647 dum
407 613 652 647 fabricaverunt

168 695 228 726 5a.
255 692 458 734 Redemptor
483 691 640 735 fidelium,

305 746 350 781 tu,
378 741 432 782 qui
459 742 506 773 sic
531 742 640 784 chisti,

254 789 318 822 Per
344 798 492 822 cruorem
519 791 699 823 vulnerum.

302 838 342 870 de
368 842 400 871 te
426 848 520 879 quem
547 838 672 881 fudisti,

165 918 224 950 62.
250 915 366 948 Sumus
392 917 523 956 quidem
550 917 659 949 miseri

302 975 426 998 necnon
453 970 642 1005 peccatores

252 1013 296 1045 Et
322 1015 496 1046 multorum
524 1015 692 1046 criminum

301 1062 408 1103 magni
436 1062 600 1094 debitores
613 1074 619 1101 ;

167 1140 226 1173 7a.
254 1139 325 1172 Rex
352 1144 495 1180 aeterne,

248 1188 279 1219 A
304 1188 470 1229 gehennae

300 1236 397 1269 Salva
423 1246 481 1269 nos
508 1237 680 1278 supplicio,

808 149 853 185 25

871 248 930 283 3b.
957 249 1028 282 Tuo
1055 257 1134 281 crux
1160 257 1218 280 nos
1246 247 1368 279 muniat

1005 297 1161 338 sanguine
1186 305 1348 338 respersa,

956 345 1000 378 Ut
1027 355 1089 378 non
1116 344 1229 377 inflent
1254 354 1424 385 prospera,

1005 394 1138 426 turbent
1164 403 1222 426 nec
1246 393 1394 427 adversa.

868 471 928 504 4b.
957 471 1103 513 Crucem,
1131 471 1250 510 clavos,
1278 471 1435 510 lanceam,

1004 520 1120 560 quibus
1147 518 1344 552 adflixerunt

957 567 1014 606 Te,
1042 573 1077 600 tu
1103 577 1217 608 rumpe
1245 568 1382 607 vincula,

1005 625 1086 656 quae
1113 626 1170 648 nos
1198 617 1439 650 obstruxerunt.

869 695 930 728 5b.
957 693 1054 725 Mitte
1079 693 1173 725 nobis
1200 694 1362 736 spiritum,

1006 743 1070 774 tuis
1097 751 1190 782 quem
1218 742 1346 783 misisti,

958 791 1008 822 Ne
1034 791 1198 831 relinquas
1224 790 1398 830 orphanos,

1006 840 1053 871 sic
1078 849 1157 880 quos
1185 840 1361 873 redemisti.

927 942 933 948 .
962 917 1027 949 Sed
1053 919 1117 949 sint
1144 921 1199 949 tua
1226 917 1360 949 vulnera

1005 966 1115 1006 tuique
1142 966 1261 998 livores

956 1014 1020 1046 Pro
1046 1013 1139 1046 nobis
1165 1018 1196 1045 et
1223 1014 1329 1046 hostia

1006 1067 1038 1094 et
1064 1064 1305 1094 intercessores,

870 1142 925 1173 7b.
954 1141 1039 1180 Quos
1066 1144 1201 1180 peccato

955 1188 1061 1220 Solvis
1089 1187 1164 1219 dato

1005 1236 1123 1269 Mortis
1150 1240 1224 1268 tuae
1249 1237 1365 1276 pretio.

162 1316 221 1348 821.
251 1315 326 1347 Iesu
352 1315 446 1356 bone,
867 1316 928 1349 Sb.
956 1315 999 1348 Ut
1027 1315 1068 1346 ad
1097 1313 1229 1346 chorum

250 1364 304 1396 Sic
331 1363 468 1404 dispone
955 1364 1143 1396 Electorum

301 1412 423 1444 Horam
450 1413 554 1444 nostri
581 1414 749 1451 transitus,
1003 1412 1070 1444 Nos
1098 1412 1258 1451 perducat
1284 1411 1431 1451 spiritus.

230 1479 315 1506 Miss.
347 1489 397 1506 ms
432 1479 658 1507 Sarisburiense
688 1489 765 1508 saec.
800 1478 842 1507 15.
892 1479 962 1507 Cod.
994 1479 1123 1514 Collegii
1154 1478 1293 1506 Omnium
1324 1479 1499 1506 Animarum

152 1517 299 1545 Oxonien.
330 1517 373 1545 11.
395 1532 432 1536 —
457 1517 507 1550 lb,
529 1517 546 1546 2
569 1518 654 1553 ‚,qui“
679 1520 710 1546 in
734 1518 858 1556 „quam“
883 1519 1053 1554 korrigiert.
1078 1534 1112 1538 -—
1138 1516 1188 1550 lb,
1211 1516 1228 1545 3
1251 1526 1316 1544 rore
1338 1519 1445 1545 socius.
1462 1533 1498 1535 —

154 1555 207 1591 lb,
228 1555 248 1584 4
274 1558 443 1585 satientem.
464 1572 501 1575 —
523 1556 577 1591 2b,
598 1556 616 1584 2
644 1559 689 1585 sic
716 1567 814 1595 quam.
839 1573 876 1577 —
897 1556 952 1590 4b,
973 1556 993 1584 4
1019 1558 1239 1585 abstruxerunt.
1262 1570 1294 1573 -
1319 1554 1373 1589 8b,
1395 1555 1413 1584 3
1437 1557 1500 1584 Nos

154 1598 268 1632 pergat.
289 1611 325 1615 —
350 1597 405 1624 Die
427 1596 580 1624 Abschrift
602 1597 754 1625 verdanke
776 1597 824 1624 ich
846 1605 981 1625 unserem
1004 1596 1139 1623 Freunde
1161 1597 1330 1623 Bannister.

447 1681 474 1711 9.
494 1681 699 1721 1„sequentia
721 1682 758 1713 cle
781 1682 806 1713 V
833 1680 1027 1713 Vulneribus
1048 1680 1193 1713 Christi.“

163 1755 222 1788 la.
251 1752 458 1785 Festinemus
484 1754 612 1794 quidem
643 1763 717 1786 vere

248 1801 368 1835 Omnes
396 1802 454 1833 viti
482 1803 666 1843 condolere,

297 1851 376 1883 Cum
412 1860 470 1882 nos
497 1852 595 1884 simus
622 1852 792 1892 palmites3

160 1925 221 1959 2a.
250 1923 335 1956 Vitis
364 1924 457 1957 huius
483 1934 577 1957 sacer
603 1923 728 1957 fructus

247 1972 378 2005 Fletum
398 1979 527 2013 tergens
546 1974 649 2006 nostri
668 1975 791 2014 luctus3

245 2021 338 2055 Uvae
374 2023 460 2055 botri
488 2027 621 2055 manant
646 2032 791 2064 pressae,

247 2071 363 2103 Vinum
392 2071 536 2103 fundunt
559 2071 754 2115 indefessae,

246 2120 317 2152 Hoc
343 2120 439 2153 livari
466 2124 515 2152 est
540 2129 693 2161 necesse;

244 2168 448 2202 Laborantes
474 2169 507 2201 in
535 2170 596 2202 hac
622 2179 726 2203 messe

291 2218 469 2260 Implemus
498 2219 642 2252 cellaria.

155 2293 215 2326 3a.
244 2292 351 2324 Pedes
380 2293 494 2326 lavans
521 2292 697 2335 osculatur,

243 2340 469 2375 Confortando
496 2342 692 2385 consolatur,

241 2391 397 2423 Fratrum
424 2391 524 2424 corda
550 2390 723 2433 stabilivit,

244 2439 363 2472 Tristis
389 2441 518 2473 hortum
545 2440 693 2473 introivit

293 2489 339 2522 Et
364 2499 384 2522 a.
409 2494 486 2522 noto
512 2489 665 2522 traditus.

867 1754 925 1787 lb.
954 1753 1068 1797 Nocte,
1096 1762 1200 1788 mane,
1228 1753 1315 1786 omni
1342 1754 1433 1795 hora,

952 1802 1036 1834 Tota
1063 1802 1115 1835 die
1142 1803 1211 1834 sine
1238 1812 1337 1844 mora,

1000 1852 1165 1892 Pauperes
1193 1856 1223 1883 et
1252 1851 1380 1883 divites.

864 1925 923 1958 2b.
952 1925 1069 1957 Pastor
1094 1925 1167 1964 pius
1195 1925 1385 1958 convocavit

951 1974 1035 2006 Oves
1061 1983 1136 2006 suas
1164 1978 1195 2005 et
1222 1974 1361 2013 cenavit,

952 2023 1058 2055 Carne
1085 2032 1143 2054 sua
1168 2023 1243 2055 illas
1270 2023 1372 2062 pavit,

949 2071 1112 2113 Sanguine
1139 2071 1188 2103 bis
1215 2072 1415 2112 propinavit,

951 2120 1128 2153 Recreatas
1155 2120 1327 2162 saturavit,

950 2170 1067 2201 Totum
1093 2177 1211 2209 corpus
1238 2169 1397 2202 madiavit

998 2218 1135 2250 Calcaus
1163 2217 1350 2251 torcularia.

861 2292 920 2325 3b.
948 2292 1080 2324 Patrem
1106 2300 1203 2323 orans
1227 2292 1260 2323 in
1285 2301 1432 2325 maerore

948 2339 1069 2372 Guttae
1096 2339 1222 2372 stillant
1250 2350 1321 2372 cum
1349 2351 1473 2383 cruore,

948 2390 1134 2429 Agonizans
1160 2389 1193 2421 in
1219 2390 1350 2432 sudore,

949 2437 1072 2470 Cohors
1099 2438 1195 2470 adest
1221 2448 1291 2472 cum
1319 2438 1442 2481 furore,

998 2487 1146 2520 Passioni
1174 2488 1314 2524 deditus,
