1654 2756
722 126 985 162 -118—

887 224 948 258 sb.
976 224 1146 256 Trinitatis
1172 224 1358 265 hospitium,

1022 271 1144 305 Salutis
1170 273 1349 305 consilium.

186 225 208 260 6
223 235 253 259 a.
282 226 308 259 Ο
335 226 468 266 virginis
493 225 698 266 principium,

330 274 498 307 eastitatis
524 274 638 314 lilium,

192 372 252 403 721.
278 370 468 402 Animarum
491 370 658 412 solacium,

276 417 431 450 Nostrum
459 419 556 450 decus
584 421 614 450 et
641 417 805 458 gaudium,

887 368 945 402 7b.
973 369 1072 408 Quem
1098 369 1237 410 genuisti
1263 368 1375 410 filium,

975 416 1077 449 Nobis
1104 417 1206 449 redde
1231 417 1428 458 propitium3

529 516 559 548 8.
587 514 725 555 Expelle
752 518 897 546 nostrum
924 514 1048 555 vitium,

586 562 678 596 Caeli
705 562 768 595 duc
792 562 835 595 ad
863 562 1028 602 palatium.

258 659 392 686 Oration.
421 668 474 686 ms.
497 659 525 686 S.
548 659 628 686 Petri
650 658 890 694 Salisburgensis
912 666 989 685 saec.
1008 656 1052 684 15.
1086 657 1157 684 cod.
1179 657 1290 684 Petrin.
1312 665 1330 684 a
1351 656 1393 684 IV
1414 653 1461 683 38.
1480 669 1516 674 —-

183 696 234 726 lb,
257 695 275 724 2
297 700 402 733 potens
429 702 522 734 porta.
545 712 578 717 —
602 696 652 731 lb,
674 695 692 724 3
714 697 854 723 salvator.
876 710 913 714 —
934 696 1036 723 Inhalt
1061 695 1121 723 und
1143 696 1262 723 Aufbau
1289 695 1342 722 der
1363 694 1517 730 Dichtung

179 736 280 763 lassen
308 737 339 762 in
367 736 414 763 ihr
441 738 507 763 eine
529 737 694 771 Sequenz
722 737 885 762 wrmuten.
906 748 943 752 —
967 734 1169 763 Unmittelbar
1191 734 1333 770 angefiigt
1353 735 1393 760 ist
1413 734 1445 760 in
1466 732 1517 760 der

182 774 286 808 Quelle
309 776 357 801 ein
380 774 567 810 prosaisches
588 774 698 802 Gebet:
723 773 831 807 „Clara
847 773 955 803 Maria,
977 773 1108 809 benigna
1128 773 1235 800 Maria.
1258 771 1388 800 iucunda
1408 772 1516 803 Maria,

179 814 267 840 beata
289 813 400 844 Maria,
429 814 608 840 suavissima
629 813 740 843 Maria,
773 812 963 838 sanctissima
985 812 1095 841 Maria.
1125 814 1188 838 tota
1214 810 1389 837 dulcissima
1410 810 1515 836 Maria.

181 851 314 882 Exaudi,
341 851 476 886 domina;
509 860 660 882 succurre,
687 850 822 884 domina;
853 849 991 881 defende,
1018 850 1154 883 domina;
1182 849 1305 880 adiuva,
1327 849 1456 875 domina.
1485 862 1517 866 —

185 889 318 916 Alsdann
340 890 414 924 folgt
437 890 631 917 unmittelbar
653 889 701 915 die
723 889 859 924 Sequenz
883 888 950 923 „Ad
973 891 1006 915 te
1027 890 1179 914 currunt
1200 896 1216 913 o
1239 885 1386 913 Maria“.

629 1002 688 1033 122.
723 1002 763 1033 De
785 1001 885 1032 Beata
907 1000 1008 1032 Maria
1029 1001 1064 1031 V.

868 1092 927 1125 lb.
956 1093 1166 1124 peccatorum
1194 1091 1356 1127 miserere,

955 1141 1074 1178 Mater,
1101 1140 1193 1171 salva
1219 1144 1252 1170 et
1277 1143 1368 1170 tuere

190 1094 250 1126 la.
279 1094 330 1125 Ad
359 1097 390 1123 te
417 1098 560 1133 currunt,
588 1103 606 1125 o
632 1094 749 1131 Maria,

278 1142 480 1180 Peccatores,
508 1142 589 1174 caeli
617 1142 677 1179 via⁷

330 1189 444 1221 Portus
474 1195 502 1220 et
531 1189 762 1222 umbraculum.

190 1287 251 1317 2a.
279 1284 455 1317 Benedicta
481 1292 584 1318 mater
610 1285 681 1326 Dei,
869 1285 929 1318 2b.
958 1284 1007 1315 Ne
1035 1293 1217 1324 mergamur
1234 1284 1267 1315 in
1286 1283 1495 1324 profundum,

278 1333 315 1365 In
342 1337 373 1363 te
399 1338 531 1373 sperant
557 1342 666 1364 omnes
693 1333 751 1373 rei,
956 1333 1047 1373 Roga
1073 1341 1180 1372 regem
1207 1332 1449 1372 sempiternum,

329 1380 422 1413 Salus
449 1387 478 1412 et
506 1380 674 1421 refugium.
1004 1381 1190 1414 Creatorem
1217 1381 1368 1412 omnium.

194 1479 253 1510 3a.
282 1477 334 1509 Ad
362 1481 393 1508 te
417 1478 530 1510 clamat
551 1478 652 1509 omnis
671 1478 818 1518 mundus,
870 1477 930 1509 3b.
958 1478 1155 1517 Imperatrix
1183 1481 1215 1508 et
1241 1478 1362 1517 regina,

280 1525 389 1558 Omnis
417 1527 509 1558 homo
537 1525 740 1567 furibundus,
955 1525 1024 1557 Nos
1050 1534 1221 1557 conserves
1247 1535 1266 1557 a
1293 1526 1396 1565 ruina,

329 1574 406 1612 Fac,
435 1584 603 1606 succurras
630 1575 760 1608 homini.
1004 1573 1112 1614 Virgo,
1141 1577 1245 1605 mater
1271 1574 1413 1606 Domini.

194 1672 253 1704 4a,
283 1670 549 1703 Commendamus
575 1680 632 1702 nos
659 1671 719 1703 hac
746 1671 798 1703 die
870 1670 930 1703 4b.
959 1670 1004 1702 Te
1032 1670 1183 1706 donante.
1212 1670 1310 1701 maris
1336 1671 1441 1711 stella,

283 1717 355 1749 Tibi
384 1718 480 1755 dulci,
507 1719 567 1750 tibi
594 1719 677 1758 piae,
958 1717 1077 1750 Sancta
1103 1727 1221 1758 parens
1249 1723 1280 1749 et
1306 1719 1427 1759 puella.
1461 1716 1465 1717 ⁷

284 1764 386 1807 [Tibi]
416 1767 541 1806 virgini,
568 1767 702 1807 Man'ae,
957 1766 1105 1799 Paradisi
1133 1771 1188 1798 tua
1214 1767 1310 1798 mella

331 1814 503 1847 Salvatrici
530 1815 661 1848 saeculi.
1006 1815 1064 1846 Tui
1089 1819 1215 1854 gustent
1243 1816 1375 1848 servuli.

199 1915 258 1945 53.
287 1911 312 1943 O
338 1910 456 1951 Maria,
483 1912 570 1942 salus
597 1915 717 1949 nostra,
870 1912 928 1945 5b.
957 1912 1109 1953 Tu‚quae
1121 1913 1226 1945 salvas
1238 1914 1513 1955 totummundum‚

282 1960 356 1992 Iesu
384 1959 512 1992 Christo
538 1963 572 1990 tu
601 1959 785 1990 demonstra
958 1960 1007 1992 Ne
1033 1970 1216 2001 mergamur
1235 1962 1266 1993 in
1286 1962 1497 2003 profundum,

328 2007 389 2039 Tui
414 2008 555 2048 pectoris
581 2007 690 2044 ubera,
1008 2009 1107 2050 Virgo
1133 2009 1313 2044 salutifera.

195 2106 254 2138 Ga.
284 2104 405 2136 Venter
430 2109 503 2136 tuus
530 2108 579 2135 est
604 2103 728 2141 beatus,
871 2105 931 2139 6b.
958 2106 1111 2147 Speciosa
1137 2108 1324 2150 margarita,

284 2153 322 2185 In
348 2161 410 2192 quo
437 2153 524 2185 Deus
550 2152 748 2192 incarnatus,

284 2201 333 2233 De
359 2202 507 2241 supernis
530 2200 723 2242 inclinatu53

283 2249 326 2281 Et
354 2249 401 2280 sic
427 2250 520 2281 homo
547 2249 748 2288 sublimatus,

330 2297 391 2338 Qui
417 2297 523 2330 fuerat
548 2297 716 2340 perditus3

286 2346 328 2378 Et
354 2345 434 2378 haec
460 2356 519 2387 per
544 2350 587 2388 te,
614 2346 819 2387 genetricem,

283 2395 491 2427 Peccatorum
517 2394 732 2433 salvatricem,

331 2443 499 2484 Templum
527 2444 629 2476 sancti
656 2443 799 2484 spiritus.

1006 1188 1224 1220 Christianum
1251 1187 1418 1227 populum.

958 2155 1154 2187 Miserorum
1180 2165 1254 2196 spes
1285 2161 1318 2188 et
1344 2158 1421 2196 vita,

961 2204 1119 2236 Castitate
1146 2204 1308 2245 redimita,

960 2251 1050 2283 Nulli
1076 2250 1198 2284 factum
1222 2251 1283 2284 fuit
1308 2254 1365 2294 ita,

1008 2299 1175 2340 Virginale
1198 2301 1323 2341 lilium;

959 2347 1128 2390 specialis,
1155 2350 1312 2391 speciosa,

960 2396 1140 2437 Generalis,
1160 2407 1325 2442 generosa,

1007 2445 1155 2478 Hominis
1182 2449 1362 2484 consilium.
