1654 2756
755 175 1020 210 -219—

615 270 677 303 241.
727 269 768 301 De
790 271 900 302 sancto
922 269 1119 310 Hieronymo.

215 347 277 381 la.
309 347 436 390 Gaude,
466 349 580 382 doctor
606 350 777 392 spiritalis,

311 396 355 428 Et
380 397 545 439 interpres
572 399 792 441 triumphalis,

312 446 397 478 Vere
425 447 523 488 digne
549 448 728 481 cardinalis

360 495 542 537 Presbyter
567 497 748 536 leronyme.

213 581 272 613 2a.
306 580 432 623 Gaude,
461 586 555 615 vasta
580 592 640 623 per
666 581 798 615 deserta

309 632 419 662 Antra
444 640 604 671 quaerens
629 632 812 671 inexperta,

310 678 463 711 Claustra
490 679 590 720 figens
617 680 662 711 ibi
690 683 790 719 certa,

359 726 446 759 Loca
473 728 702 768 paenitentiae.

212 813 274 846 3a.
310 813 437 853 Gaude,
467 823 601 847 servans
629 814 812 847 castitatem

310 863 355 895 Et
381 863 593 895 Eustochium
622 868 804 904 magnatem

310 911 474 952 Firmans,
501 917 535 944 ut
563 913 783 953 virginitatem

359 959 475 993 Servet
501 961 746 993 intactissimae.

211 1047 275 1080 4a.
309 1046 434 1090 Gaude,
464 1048 517 1079 lex
545 1052 577 1079 et
603 1047 818 1089 principatus,

311 1095 385 1127 Dux
413 1100 443 1127 et
471 1096 526 1127 lux
553 1096 640 1128 beati
667 1099 773 1128 status

308 1143 353 1176 Et
380 1145 518 1176 Iohanni
547 1147 753 1184 comparatus

358 1193 542 1233 Augustino
570 1193 689 1225 iudice.

919 351 934 383 1
953 350 984 384 b.
1017 351 1142 392 Gaude,
1167 359 1260 390 quem
1278 355 1401 391 papatu
1422 351 1554 391 dignum

1014 399 1129 432 Cuncti
1139 399 1290 439 clamant,
1306 399 1363 430 sed
1375 399 1548 439 malignum

1013 448 1101 480 Falsi
1130 446 1248 480 fratres
1270 451 1394 488 ponunt
1411 448 1548 489 signum,

1062 498 1195 529 Vestem
1222 500 1318 528 noctu
1347 495 1495 529 feminae.

915 583 978 618 2b.
1011 583 1136 623 Gaude,
1166 583 1326 615 domitans
1356 584 1479 615 leonem

1011 632 1181 664 Fractrum
1210 631 1332 663 faciens
1360 632 1514 673 calonem,

1009 681 1070 720 Qui
1088 685 1120 712 et,
1135 681 1289 720 praedam
1305 684 1335 710 et
1350 681 1547 720 praedonem

1060 729 1203 761 Revocat
1233 729 1426 761 cautissime.

915 815 980 850 3b,
1014 815 1139 853 Gaude,
1168 815 1231 857 qui,
1252 816 1337 855 quod
1360 818 1553 858 concupisti,

1013 864 1168 897 Obtinere
1192 864 1348 906 meruisti,

1014 913 1108 944 Felix
1135 913 1176 944 ad
1204 922 1382 953 praesaepe
1410 915 1531 947 Christi

1061 961 1105 993 Et
1131 962 1213 992 mori
1240 965 1272 992 et
1299 962 1419 995 vivere.

915 1047 977 1081 4b.
1009 1048 1077 1080 Fac
1110 1057 1168 1080 nos
1196 1048 1310 1088 dignos
1337 1053 1368 1080 te
1395 1050 1530 1082 laudare

1012 1097 1053 1128 Et
1082 1095 1292 1128 laudantibus
1321 1098 1455 1138 dignare

1013 1145 1130 1177 Laetas
1157 1145 1252 1176 sedes
1279 1146 1456 1185 impetrare

1063 1193 1254 1233 Supernalis
1281 1194 1415 1234 gloriae.

289 1277 400 1304 Cursus
423 1277 458 1305 de
475 1278 605 1305 Domina
621 1286 678 1306 sec.
695 1277 811 1305 Eccles.
828 1278 1088 1313 Hamburgensem
1105 1280 1174 1313 imp.
1192 1279 1347 1306 Rostochii
1367 1278 1447 1306 1:322.
1468 1282 1498 1306 li.
1514 1296 1552 1299 —-

210 1316 294 1343 Miss.
322 1317 523 1344 Cluniacense
554 1319 624 1353 imp.
652 1316 779 1344 Parisiis
809 1315 892 1344 1550.
922 1317 953 1343 B.
978 1332 1012 1336 —
1045 1316 1102 1346 lb.
1132 1314 1149 1343 2
1174 1317 1311 1344 Clamant
1340 1321 1438 1345 cuncti
1464 1321 1493 1346 B.
1518 1335 1552 1338 Α

211 1355 222 1382 1
240 1356 267 1382 1).
284 1353 302 1383 3
318 1358 405 1383 nocte
422 1356 454 1383 A.
472 1371 507 1374 —
523 1354 576 1389 2a,
599 1355 617 1383 2
630 1364 778 1393 quaerens
795 1356 961 1392 perdiserta
977 1357 1009 1383 B.
1025 1371 1061 1374 —-
1079 1355 1132 1384 21),
1151 1356 1168 1382 2
1183 1357 1295 1383 faciens
1311 1357 1449 1384 colonum
1469 1359 1498 1384 Β.
1517 1374 1552 1377 -

208 1394 262 1427 21),
285 1392 303 1422 3
324 1395 436 1431 praeda
459 1396 491 1423 B.
512 1410 551 1414 —
572 1394 616 1423 3h
639 1394 698 1423 und
721 1394 768 1422 4a
788 1395 961 1431 umgestellt
981 1396 1015 1422 A.
1032 1410 1069 1413 —
1091 1394 1142 1425 31),
1169 1395 1180 1421 1
1198 1395 1301 1423 Gaude
1324 1398 1395 1432 quia
1418 1395 1553 1424 meruisti

207 1434 241 1460 B.
265 1450 299 1453 —
323 1434 340 1459 ἵ),
354 1434 380 1467 b,
404 1432 422 1461 2
437 1434 579 1461 obtinere
602 1433 682 1471 quod
703 1435 813 1470 cupisti
838 1435 868 1461 B.
888 1449 923 1452 —
945 1433 1000 1466 4b,
1027 1433 1038 1461 1
1063 1434 1151 1471 digne
1170 1435 1199 1461 B.
1217 1450 1254 1454 —
1274 1433 1329 1463 41),
1355 1433 1372 1461 2
1393 1436 1553 1464 laudantes

207 1475 237 1500 te
259 1473 290 1500 B.
313 1489 348 1492 —
371 1472 426 1505 4b,
449 1472 468 1499 4
489 1474 666 1509 Supernalis
689 1474 814 1508 patriae.

598 1568 668 1599 242.
712 1568 755 1599 De
777 1576 801 1599 S.
824 1566 948 1599 Hilario
970 1567 1177 1600 pictaviensi.

212 1660 228 1692 1
246 1668 275 1692 a.
309 1659 452 1702 Christe,
481 1660 549 1700 regi
576 1661 711 1702 gloriae,

311 1708 481 1742 Canticum
508 1709 653 1741 laetitiae

309 1757 470 1790 Concinat
497 1758 615 1789 eximie

357 1805 455 1839 Plebs
481 1806 600 1847 fidelis,

211 1895 273 1926 2a.
306 1894 395 1934 Ergo
423 1904 516 1926 sacro
544 1894 687 1935 praesuli

308 1942 432 1975 Christi
460 1944 571 1976 dicant
597 1943 737 1976 servuli:

306 1991 441 2031 metor,
469 2002 540 2034 ave,
569 1992 693 2034 populi,

356 2040 439 2082 Spes
466 2051 607 2083 reorum,

210 2131 274 2164 3a.
307 2128 374 2161 Sub
402 2130 542 2163 Caesare
570 2129 664 2162 devio

305 2180 334 2212 A
362 2177 428 2210 fide
456 2178 658 2220 Constantio,

306 2227 464 2261 Haeresis
492 2228 652 2270 contagio,

355 2277 465 2310 Morte
492 2281 604 2318 spreta

210 2366 273 2399 42.
304 2366 408 2399 Tuam
435 2367 560 2406 Apram
587 2365 688 2398 filiam

303 2414 384 2447 Viro
410 2415 530 2447 tollens
557 2415 677 2447 sociam

308 2462 439 2496 Christo
465 2473 618 2504 sponsam
646 2463 744 2496 aliam

354 2512 576 2553 Praeparasti.

919 1659 980 1694 lb.
1012 1661 1071 1700 Qui
1099 1659 1194 1692 iubar
1220 1660 1386 1700 ecclesiae,

1014 1710 1182 1741 Pastorem
1211 1709 1386 1749 pictaviae,

1013 1758 1175 1790 Hilarium
1203 1757 1301 1789 hodie

1063 1806 1188 1839 Reddit
1215 1807 1325 1840 caeliS.

914 1893 977 1928 2b.
1010 1895 1058 1926 'l‘u
1085 1900 1210 1935 tegmen
1239 1894 1370 1934 piaculi,

1011 1945 1059 1976 Tu
1088 1944 1175 1975 salus
1203 1943 1352 1983 periculi,

1011 1993 1059 2024 Tu
1088 1991 1188 2024 nubes
1215 1991 1395 2023 umbraculi

1059 2042 1268 2073 Miseroruni.

916 2129 980 2163 3b.
1013 2128 1177 2162 Restitisti
1205 2128 1311 2167 noxio,

1013 2179 1106 2211 Iussu
1134 2176 1224 2207 cuius
1251 2176 1350 2216 impio

1012 2225 1185 2259 Daninaris
1214 2226 1328 2256 exsilio

1061 2275 1172 2307 Mente
1199 2274 1293 2308 laeta.

915 2362 978 2397 4b.
1012 2363 1174 2396 Gentilem
1200 2361 1415 2402 Florentiam,

1012 2413 1180 2450 Parentes,
1210 2409 1367 2442 familiam

1010 2461 1064 2494 Ad
1092 2460 1215 2492 lavacri
1241 2460 1380 2500 gratiam

1061 2509 1244 2542 Revocasti.
