1654 2756
123 235 185 268 5a.

825 235 887 269 5b.
915 237 1000 277 Quos
1026 236 1070 269 ad
1096 233 1235 276 patriam

915 288 1085 318 revocatos
1109 286 1214 316 morte
1238 282 1337 322 digna

910 334 953 366 ad
981 334 1065 366 vitae
1090 332 1250 373 promissa

913 382 1044 415 reducis
1069 381 1226 423 praemia.

213 233 261 267 Te
286 243 383 279 nunc,
409 235 525 277 sophia

212 283 318 324 patris
344 285 442 325 alma,
467 283 534 318 fide
559 285 654 318 firma

213 341 396 376 precamur,
424 333 534 366 oblata

213 382 328 414 audias
355 383 510 423 carmina,

465 476 498 507 6.
524 474 582 512 Te,
609 475 665 515 qui
689 474 850 515 gubernas
873 475 1036 514 universa,

527 523 620 555 decet
645 523 726 565 laus,
754 523 857 555 honor
883 526 915 554 et
939 523 1110 562 imperium

525 579 654 611 semper
679 572 786 604 omnia

527 629 587 660 per
612 620 814 652 saeculorum
841 620 981 652 saecula.

194 711 311 738 Prosar.
327 719 380 738 ms.
397 711 612 739 Moissiaeense
627 720 703 740 saec.
722 710 795 740 ¹¹l12.
809 710 1040 746 (Privatbesitz).
1056 726 1094 730 ——
1108 712 1205 744 Dant,
1221 712 1240 739 l.
1256 721 1280 740 c.
1296 721 1322 748 p.
1342 709 1405 740 123.
1421 725 1459 729 —

114 746 168 783 2³,
191 747 209 776 3
230 750 266 776 In
291 758 360 785 qua.
380 764 419 769 -—
440 748 493 782 2b,
515 748 534 777 3
562 749 713 786 adoptata.
736 767 772 771 —
795 748 847 784 3a,
868 749 887 778 4
908 754 1002 778 morte
1023 760 1063 778 se.
1085 765 1123 768 —
1143 748 1198 783 3b‚
1221 749 1239 778 2
1260 750 1340 778 salus
1363 751 1458 778 homi-

116 797 187 816 num
209 790 308 824 atque.
330 803 368 807 —
390 789 532 817 Schema:
556 790 788 818 confitebor.
827 789 897 826 vgl.
919 789 1005 818 Anal.
1028 790 1138 826 Hymn.
1157 789 1224 822 Vll,
1246 791 1299 818 Nr.
1321 787 1367 818 62.

122 1233 182 1267 2a.

124 1375 187 1409 3a.

120 1566 180 1599 4a.

121 1807 182 1839 5a.

120 2144 181 2179 6a.

121 2385 181 2419 7a.

523 910 566 939 21.
599 908 632 939 ln
656 909 901 940 Resurrectione
923 908 1056 940 Domini.

631 1000 656 1032 P
668 1009 685 1032 e
695 1009 712 1031 r
737 1000 762 1033 Ο
773 1004 840 1032 cta
852 1010 870 1032 v
880 1009 899 1032 a
909 1009 950 1032 m.

530 1093 562 1125 1.
590 1092 680 1124 Haec
707 1093 776 1124 dies
793 1092 974 1132 praeclara

588 1142 685 1180 atque
710 1140 812 1173 nimis
837 1140 1040 1183 veneranda,

210 1233 310 1272 Quam
338 1233 485 1265 excelsus

209 1281 280 1321 ipse
307 1279 385 1313 fecit
410 1281 517 1323 Deus3

212 1373 380 1407 Serenatis
408 1374 560 1407 cordibus

210 1423 326 1455 annuis
354 1423 556 1463 temporibus

208 1471 287 1504 laeti
314 1473 534 1513 celebremus3

208 1563 361 1597 Formam
387 1567 474 1598 servi
500 1565 652 1606 dignatus

210 1619 258 1645 est
284 1623 412 1646 sumere

206 1663 311 1695 nostri
337 1672 437 1695 causa
462 1663 579 1696 salutis

208 1721 331 1753 nosque
354 1712 580 1755 liberandum3

211 1805 332 1839 Rerum
360 1810 488 1839 creator

209 1854 251 1886 de
278 1863 371 1887 sacro
397 1855 478 1887 solio
503 1855 709 1888 descendens

210 1904 304 1943 eruit,
333 1913 411 1944 quos
437 1904 540 1938 hostis

212 1952 358 1992 perfidus
384 1954 494 1993 rapuit
520 1953 643 1985 dudum

208 2000 360 2042 ingerens
386 2001 466 2034 vitia
492 2006 524 2034 et
550 2002 683 2035 trahens

210 2054 304 2083 antro
332 2050 528 2091 sulphurem

210 2143 312 2176 Totus
327 2143 466 2176 mundus
480 2144 620 2177 exsultet
634 2144 752 2187 libans,

207 2192 310 2226 iubila
334 2193 367 2224 in
394 2201 473 2226 voce

207 2250 348 2274 summas
376 2243 457 2275 dans
483 2243 609 2282 laudes,

208 2294 245 2323 ut
271 2292 439 2331 condecet,

209 2385 289 2418 Cum
315 2384 439 2426 angelis

216 2433 351 2477 „Gloria
376 2434 447 2467 Deo
473 2435 507 2468 in
533 2433 692 2468 excelsis“

208 2483 439 2524 decantante53

825 1233 883 1268 2b.

826 1374 884 1408 3b.

823 1563 884 1599 4b.

823 1804 883 1836 5b.

822 2143 880 2177 6b.

825 2383 883 2417 7b.

912 1233 1131 1265 Iucundemur

913 1282 1007 1314 simul
1035 1286 1065 1313 et
1091 1281 1262 1318 laetemur.

914 1375 951 1406 ln
977 1375 1039 1406 hac
1067 1375 1119 1407 die
1145 1375 1305 1416 siquidem

915 1428 1042 1455 creator
1068 1424 1255 1464 angelorum

914 1472 1054 1504 omnium
1081 1476 1266 1505 sanctorum

911 1564 998 1606 Quos
1020 1565 1164 1607 propria
1189 1565 1309 1599 virtute

911 1614 1124 1653 formaverat,

911 1662 1074 1695 abstraxit.
1099 1675 1116 1694 ιι
1144 1666 1275 1696 tartara

911 1710 1060 1743 barathri
1086 1713 1200 1745 noxia.

912 1803 1030 1837 Gemat
1050 1806 1149 1846 picea
1176 1806 1271 1839 turba

910 1853 1055 1887 claustra
1082 1854 1210 1894 interni
1237 1855 1412 1897 destructa,

912 1904 952 1936 ab
980 1913 1055 1935 arce
1079 1913 1224 1944 superna

910 1952 1068 1985 divinitas
1094 1952 1214 1986 induta

909 2010 1010 2034 carne
1028 2011 1213 2043 purpurea,
1240 2001 1390 2042 spolians

904 2051 1073 2091 profundi
1098 2052 1240 2082 tartara.

909 2142 1138 2184 Gmdeatque,
1165 2143 1278 2175 carnis
1305 2143 1456 2175 humana

914 2191 1037 2225 Christi
1057 2201 1121 2232 per
1146 2195 1284 2233 tropaea

911 2242 999 2281 quod
1024 2240 1180 2273 zabulosa
1209 2241 1306 2281 fraus

913 2293 957 2322 est
984 2289 1118 2322 deiecta.

911 2382 1093 2424 Maywalia

912 2431 977 2463 Dei
1004 2440 1078 2464 voce
1102 2431 1231 2466 boando
1257 2436 1350 2467 sonet

906 2490 970 2521 per
996 2490 1122 2522 omma,

1222 2537 1265 2568 3*
