1654 2756
218 212 280 244 4a.

226 468 283 498 5a.

219 675 282 707 Ga.

224 1327 282 1360 Sa.

220 1582 240 1609 ‘A
255 1586 285 1609 a.

193 1731 234 1762 10
249 1739 277 1762 a.

195 2031 282 2064 lla.

723 111 990 147 —170—

310 212 358 243 Ac
382 209 542 250 enodasti,

309 260 383 291 dum
411 259 473 290 rite
499 256 657 298 probasti,

309 306 468 339 firmatam
497 308 634 337 mentem

360 354 411 385 hic
438 354 603 386 Barbarae
630 353 774 394 virginis,

312 465 430 496 Natam
458 465 669 505 requirentes,

310 522 368 545 suo
395 517 471 545 nato
495 516 643 553 petentes

359 561 442 593 hanc
474 562 560 594 tradi
587 561 618 592 in
647 561 822 602 coniugem.

311 673 403 705 Idola
429 681 585 712 respuens

314 721 418 762 patris
445 721 504 757 sui,

310 770 342 801 in
370 777 406 799 ea
434 777 592 808 exspuens

311 814 413 861 [fecit]
441 817 502 854 rui,

309 871 384 897 tunc
410 864 512 896 Deum

308 914 422 946 adorat

308 963 426 993 trinum
455 965 485 991 et
512 969 608 992 unum

357 1010 481 1040 sincere
509 1010 572 1050 (et)
599 1008 761 1048 implorat.

313 1121 464 1151 Pastores
490 1123 659 1158 pascentes

309 1176 436 1208 gregem
465 1166 652 1205 ferocesque

315 1216 414 1247 Deum
442 1215 488 1246 nil
514 1219 694 1246 metuentes

311 1327 395 1358 Nata
421 1323 562 1367 inventa,

311 1383 406 1406 manu
433 1378 569 1413 retenta,

311 1431 392 1463 quae
419 1422 499 1454 vixit

356 1471 445 1502 salva
471 1480 490 1502 a
517 1469 660 1507 crimine,

310 1577 459 1608 Praesidi
485 1580 562 1607 tunc
587 1578 825 1615 praesentatur,

309 1634 368 1667 per
394 1633 463 1656 eam
490 1624 571 1656 fides
599 1633 660 1654 non
682 1627 826 1663 negatur,

315 1731 452 1764 Carcere
479 1729 655 1770 reponitur,

312 1778 460 1812 Christus
487 1777 686 1818 conspicitur

313 1835 428 1859 sanans
455 1831 617 1866 aegrotam

312 1885 349 1907 ac
377 1875 535 1914 devotam,

363 1923 526 1963 spondens
558 1926 589 1954 et
617 1930 777 1953 coronam.

319 2030 462 2062 Crimine
485 2030 576 2061 salvo

312 2079 344 2110 in
371 2078 444 2109 alvo

313 2126 426 2159 matris
453 2127 609 2158 ecclesiae

361 2174 421 2206 tibi
447 2180 481 2206 ut
508 2175 634 2215 placeat
662 2172 816 2213 perfecte.

915 209 981 242 4b.

922 465 984 498 5b.

920 671 984 704 eb.

919 1119 981 1152 7b.

921 1326 985 1358 8b.

918 1578 938 1609 9
950 1577 981 1608 b.

888 1731 930 1763 10
943 1730 972 1764 b.

893 2031 977 2062 nb.

1009 209 1088 243 Cum
1115 210 1288 250 optimates

1008 266 1046 292 ac
1071 262 1178 290 terrae
1203 260 1369 297 magnates

1009 306 1136 340 domum
1162 306 1347 347 quaeritant

1006 354 1157 388 Dioscori
1183 354 1338 396 satrapis,

1011 465 1098 504 Quae
1125 466 1249 506 sprevit
1275 465 1406 505 nuptias

1008 512 1078 545 Deo
1104 513 1247 546 reddens
1273 513 1406 553 gratias,

1055 561 1143 593 cuius
1169 561 1297 594 colebat
1323 569 1477 593 amorem.

1011 672 1103 710 Quod
1130 676 1225 713 pater
1251 681 1430 712 agnoscens

1010 720 1042 751 in
1071 718 1182 752 furore

1008 767 1111 799 filiam
1137 769 1321 809 insequens,

1009 824 1079 847 cum
1107 820 1247 848 tremore

1008 872 1090 904 quae
1118 865 1211 896 velox

1009 912 1161 945 evadens.

1007 961 1038 992 in
1066 965 1186 992 terram
1217 961 1337 993 cadens

1055 1012 1087 1039 et
1114 1009 1214 1040 Deum
1245 1009 1388 1042 decorat.

1009 1119 1158 1152 Produnt
1184 1120 1343 1152 deicolam

1010 1171 1040 1199 et
1067 1167 1266 1200 ovicularum

1010 1219 1139 1247 sumunt
1165 1215 1442 1248 maledictionem.

1012 1328 1120 1365 Ipsam
1148 1327 1293 1367 plagavit

1010 1374 1115 1406 crines
1142 1383 1180 1406 ac
1206 1376 1334 1415 stravit,

1009 1431 1125 1462 corpus
1152 1422 1231 1454 lavit

1058 1471 1125 1501 eius
1152 1471 1185 1502 in
1211 1472 1380 1512 sanguine.

1009 1576 1163 1608 Firmiter
1197 1579 1255 1609 sed
1283 1577 1510 1618 comprobatur

1007 1624 1177 1664 multiplex
1211 1635 1317 1666 poena
1353 1627 1524 1668 irrogatur.

1012 1731 1225 1764 Laetabunda
1251 1736 1358 1772 grates
1386 1734 1528 1766 reddens

1010 1778 1172 1811 ferventer
1198 1789 1351 1820 sponsum
1378 1786 1504 1822 petenS,

1013 1828 1199 1859 memoriam

1011 1885 1108 1917 agens
1134 1887 1210 1909 suae

1057 1926 1217 1964 passionis
1244 1926 1330 1958 vivat
1358 1928 1512 1970 gaudenS,

1015 2031 1130 2071 Capite
1159 2042 1251 2065 sacro

1013 2084 1194 2120 truncatur,

1011 2128 1150 2168 pessime
1178 2134 1312 2162 necatur

1060 2185 1149 2208 suum
1185 2187 1244 2218 per
1270 2182 1397 2217 patrem
1425 2181 1531 2212 minus

1251 2230 1351 2258 recte.

557 2282 611 2314 12.
648 2280 808 2321 Salvator,
836 2289 896 2320 per
921 2290 1036 2321 preces
1063 2291 1182 2315 vernae

648 2329 681 2361 in
707 2329 782 2362 aula
807 2332 864 2360 tua
891 2338 997 2370 cerne,

652 2378 706 2418 qui
733 2377 880 2410 functam
906 2378 989 2410 hanc
1015 2378 1149 2410 colimus

649 2427 826 2467 laudesque
853 2427 920 2458 eius
946 2426 1126 2468 psallimus.
