1654 2757
697 152 964 188 -321—

160 251 226 284 2a.
258 250 381 290 Agnes,
408 260 492 292 agno
519 251 692 290 viscerosa,

261 297 341 330 Flos
366 299 440 339 lilii,
466 299 586 333 rubens
613 309 698 339 rosa,

308 348 395 389 Agni
421 358 541 389 sponsa
568 348 716 392 celebris,

160 435 222 468 3a.
262 434 448 467 Katherina
473 437 607 476 praevia

261 483 340 517 Cum
367 493 492 517 summa
519 484 653 517 scientia

311 531 469 565 Confudit
496 533 656 565 doctores.

160 621 220 652 4a.
256 619 399 661 Agatha,
429 619 573 652 dulcoris
600 618 697 660 stilla,

263 668 473 700 Praeciditur
499 668 532 699 in
559 667 714 706 mamilla,

313 717 379 750 Sed
407 717 438 748 in
467 717 558 748 caelo
582 716 712 749 iubilat.

162 805 227 836 5a.
260 803 356 835 Haeo
382 808 431 834 est¹
458 805 578 836 Hester
604 804 798 844 praeelecta,

262 851 411 884 Naaman
438 851 554 884 fraude
585 854 706 884 reiecta

314 901 351 932 In
379 901 483 941 ipsum
511 901 675 933 interficit.

166 989 226 1021 aa.
262 987 393 1026 Ursula,
422 988 552 1021 Christo
581 989 708 1025 devota,

266 1037 434 1069 Ecclesiae
461 1046 523 1068 non
550 1037 661 1076 ignota

316 1085 393 1117 Cum
423 1085 488 1116 suis
516 1084 693 1124 sodalibus,

167 1173 226 1205 7a.
260 1172 333 1204 Hae
359 1181 430 1202 cum
457 1171 532 1202 aliis
557 1175 729 1211 sequentes

265 1223 391 1260 Agnum
419 1229 587 1261 sponsum,
616 1224 805 1259 respuentes

314 1268 509 1308 Corporales
534 1269 664 1308 nuptias

865 252 931 287 2b.
962 253 1083 286 localia
1108 251 1252 294 pretiosa

965 302 1097 342 Spernit
1122 303 1156 332 ut
1185 300 1269 332 dona
1292 300 1397 332 lutosa

1013 351 1139 383 Cavens
1166 348 1206 381 ab
1232 349 1407 382 illecebris.

867 437 928 471 ab.
962 437 1073 476 Lucia,
1102 436 1243 469 Caecilia

962 486 1142 518 Eradicant
1167 485 1246 517 vitia

1013 535 1214 566 Seminantes
1240 544 1355 567 mores.

866 621 929 654 4b.
964 621 1157 660 Contempta
1183 622 1346 660 praesenti
1374 623 1442 654 vita

962 671 1150 710 Margareta
1177 670 1352 710 margarita

1012 718 1160 750 Pretiosa
1186 718 1308 750 rutilat.

868 805 930 838 5b.
963 805 1052 837 Haec
1079 809 1127 837 est
1146 805 1269 836 Rachel
1289 806 1502 851 praedilecta,

964 855 1074 886 Fortis
1100 858 1132 884 ut
1161 854 1270 885 Iudith
1298 854 1411 886 effecta

1012 901 1223 934 Holofernem
1251 903 1360 935 deicit.

868 989 929 1022 tib.
963 990 1109 1021 Barbara
1134 994 1228 1029 gente
1256 995 1413 1022 commota

963 1039 1000 1070 ln
1028 1038 1182 1078 sanguine
1209 1048 1265 1069 suo
1290 1037 1358 1071 lota

1012 1087 1128 1126 Fulget
1156 1088 1186 1118 in
1216 1087 1419 1121 caelestibus,

867 1172 932 1205 7b.
963 1174 1073 1204 Nimio
1100 1172 1168 1203 zelo
1194 1171 1359 1205 ferventes

963 1221 1195 1261 'l'yrannosque
1223 1228 1464 1255 contemnentes

1012 1270 1054 1302 Et
1081 1270 1194 1301 mortis
1221 1272 1396 1310 angustias.

157 1356 218 1390 Sa.
257 1355 390 1388 Laudes
416 1365 492 1396 ergo
519 1355 699 1396 virginibus
865 1356 928 1390 8b.
962 1357 1006 1389 Ut
1032 1357 1134 1397 pulsis
1162 1357 1275 1397 culpae
1303 1357 1446 1390 faecibus

262 1405 342 1438 Cum
372 1404 503 1437 Christo
529 1404 804 1445 triumphantibus
962 1406 1040 1438 Cum
1068 1406 1148 1446 ipsis
1174 1406 1206 1437 in
1235 1407 1427 1438 caelestibus

309 1452 537 1491 Decantemus,
1010 1455 1214 1488 Habitemus.

234 1550 318 1577 Miss.
342 1551 557 1577 Lausannense
580 1551 649 1586 imp.
672 1550 852 1577 Lausannae
878 1548 960 1578 1493.
984 1552 1016 1577 Α.
1034 1566 1069 1568 —
1087 1551 1168 1578 Miss.
1192 1552 1406 1579 Lausaunense
1430 1554 1500 1589 imp.

155 1588 317 1618 Gebennae
350 1587 434 1617 1505.
461 1589 493 1615 B.
522 1604 557 1606 —
586 1590 658 1616 Miss
688 1589 899 1616 Lausannense
927 1590 965 1616 ini
995 1590 1133 1626 Lugduni
1164 1588 1236 1617 1532
1265 1591 1296 1618 C.
1328 1606 1362 1610 —
1394 1590 1454 1624 δὴ,
1483 1591 1501 1619 2

155 1628 227 1656 Cum
257 1628 330 1656 fehlt
358 1629 417 1656 AB.
445 1643 482 1646 —
509 1628 639 1655 Melodie
666 1628 832 1655 vielleicht:
866 1629 905 1655 In
937 1629 1098 1656 caelesti
1132 1630 1342 1661 ierarchia,
1374 1640 1421 1658 um
1453 1632 1499 1659 die

156 1667 398 1703 Schlursstrophe
419 1667 552 1704 gekt'irzt.

573 1753 641 1784 359.
684 1752 727 1783 De
749 1752 869 1784 sanetis
891 1752 1087 1794 Virginibus.

158 1837 217 1870 la.
248 1836 348 1876 Virgo
375 1835 506 1868 chorum
536 1836 695 1877 virginum

254 1884 362 1917 Maria
389 1889 463 1925 post
489 1884 662 1917 Dominum

303 1933 406 1966 Ornat
431 1934 465 1965 in
493 1933 697 1968 caelestibus,

153 2023 212 2057 2a.
245 2022 377 2063 Agatha,
402 2023 619 2065 sanctissima,

251 2071 354 2104 Lucia.
381 2072 531 2104 consocia

303 2121 507 2161 Participant
533 2121 661 2162 gaudia.

152 2211 215 2244 38.
248 2208 346 2242 Clara
372 2209 501 2241 clarens
527 2209 599 2242 luce
627 2218 749 2241 morum

252 2257 411 2291 Claritate
439 2258 612 2291 cleriorum

300 2307 404 2340 Micat
430 2308 639 2340 mirabilium.

150 2398 212 2430 4³.
245 2394 411 2428 Dorothea
438 2396 581 2437 gloriosa

250 2443 447 2478 Miserorum
474 2445 634 2478 advocata

297 2494 334 2527 In
359 2494 515 2536 paradiso
542 2495 655 2528 claret.

207 2554 342 2583 Blume,
359 2554 531 2584 sequentiae
551 2555 688 2579 ineditae.
720 2553 797 2578 Vlu.

861 1836 923 1869 lb.
959 1840 1067 1878 Agnes
1095 1842 1125 1868 et
1154 1836 1306 1878 Caecilia,

956 1886 1028 1918 Duo
1056 1886 1137 1918 caeli
1165 1886 1243 1925 lilia,

1005 1936 1145 1976 Fulgent
1172 1935 1205 1966 in
1232 1936 1410 1969 ornatibus.

856 2023 919 2057 2b.
954 2023 1138 2056 Katharina
1163 2023 1285 2065 rutilat,

954 2074 1143 2113 Margareta
1170 2072 1286 2104 jubilat

1004 2121 1130 2162 sponso
1158 2130 1228 2153 cum
1255 2123 1389 2154 laetitia.

858 2210 920 2243 3b.
955 2209 1157 2241 Scholastica
1184 2211 1298 2241 summi
1326 2212 1411 2252 regis

955 2258 997 2290 Et
1024 2258 1190 2291 Christina
1218 2269 1286 2290 cum
1317 2260 1450 2299 collegis

1004 2307 1274 2348 complectuntur
1300 2310 1427 2343 solium.

857 2396 919 2431 4b.
953 2395 1168 2437 Kunegundis
1194 2396 1386 2436 imperatrix

953 2445 1105 2477 Matrona
1132 2443 1203 2484 fuit,
1231 2446 1288 2477 sed
1317 2447 1416 2490 virgo,

1001 2495 1050 2528 Ob
1075 2495 1135 2526 hoe
1161 2498 1250 2527 astra
1276 2497 1434 2536 possidet.

1283 2551 1318 2582 21
