1654 2756
690 103 952 140 —282—

232 203 316 230 Miss.
343 202 543 230 Posnaniense
571 202 640 236 imp.
666 201 832 228 Kracoviae
862 198 944 228 1524.
969 214 1006 219 —
1027 198 1087 234 4b,
1114 197 1132 226 2
1153 200 1353 228 collocenses.
1375 213 1410 218 —-
1433 195 1490 232 Sa,

156 240 174 269 3
193 242 346 277 lapidaris,
368 255 405 259 —
426 239 476 271 Tb,
502 239 513 266 1
537 239 641 275 quue
659 242 712 265 ter.
734 254 770 258 —
791 238 843 272 7b,
865 238 882 266 5
903 239 989 266 fortis
1011 247 1042 266 es
1064 243 1168 275 potens
1189 242 1219 267 et
1239 242 1387 266 strenuus.

568 362 624 393 311.
666 361 709 392 De
731 370 772 392 ss.
795 361 889 393 Petro
911 364 944 393 ot
965 361 1074 393 Paulo.

161 446 214 478 la.
247 444 349 475 Adest
377 444 444 474 dies
470 443 623 482 laetitiae,
855 442 915 475 1b.
947 441 1030 474 Nam
1058 452 1128 475 cum
1152 443 1261 483 palma
1285 442 1438 474 victoriae

251 493 319 532 Qua
346 492 490 532 patronis
516 492 670 523 ecclesiae
950 490 1029 522 Cum
1058 491 1154 523 Petro
1182 492 1301 524 Paulus
1327 490 1425 523 hodie

300 540 403 580 Regni
430 549 547 572 corona
573 539 740 582 redditur3
998 539 1129 573 Caelum
1159 539 1250 572 dives
1276 539 1472 580 ingreditur.
1506 560 1514 568 .

159 648 219 680 22.
253 647 382 678 Petrum
409 647 513 677 crucis
539 645 647 678 affixio
853 645 917 679 2b.
949 645 1043 677 Felix
1069 645 1128 677 tali
1154 645 1310 687 martyrio

255 694 368 731 Necat,
397 695 453 725 sed
478 694 570 727 Pauli
597 694 704 735 gladio
949 693 1062 733 Roma,
1091 693 1180 725 cuius
1206 694 1343 734 imperio

304 743 454 774 Lacteum
481 749 575 782 caput
603 742 771 775 scinditur.
998 742 1113 775 Mundi
1140 743 1287 774 machina
1313 741 1475 775 subditur.

161 850 219 881 32.
251 848 342 879 Haec
369 847 430 879 duo
455 848 626 879 luminaria
854 848 917 882 3b.
949 847 1044 881 Nova
1070 848 1193 881 Christi
1219 849 1384 888 plantaria

254 896 448 928 Lustrarunt
471 895 559 927 orbis
585 895 691 935 spatia
949 896 1107 937 Rigarunt
1133 900 1165 928 et
1190 897 1315 929 rosaria

303 944 421 984 Sparso
448 944 523 975 fidei
550 945 688 983 semine;
999 945 1116 977 Tincta
1141 946 1274 985 proprio
1301 946 1468 985 sanguine.

161 1053 220 1083 4a.
252 1050 319 1081 Hos
346 1050 463 1081 amoris
490 1051 673 1082 incendium
855 1051 919 1112 48.
950 1050 1018 1083 Nos
1044 1051 1085 1082 ad
1113 1051 1252 1082 caeleste
1278 1051 1428 1091 gaudium

256 1098 362 1129 Iunxit
389 1101 483 1137 atque
510 1100 698 1139 martyrium
952 1099 1073 1131 Horum
1101 1107 1198 1139 prece
1225 1109 1281 1132 rex
1308 1101 1452 1132 omnium

307 1147 424 1186 Spreta
450 1146 561 1178 mortis
585 1147 771 1186 gravedine.
1002 1147 1066 1179 Suo
1094 1148 1189 1179 ducat
1218 1148 1384 1187 regimine.

167 1277 178 1291 )
235 1241 321 1305 ἒίίἑε.
344 1250 395 1267 niS.
416 1241 795 1268 franciscano-Romanum
817 1249 894 1269 saec.
919 1241 962 1269 15.
979 1242 1050 1268 Cod.
1066 1241 1231 1269 Londinen.
1247 1242 1322 1269 Harl
1354 1241 1438 1271 2967.
1455 1257 1491 1261 —

162 1280 212 1306 Cib.
302 1280 402 1313 igavit.

574 1364 636 1395 312.
679 1364 719 1395 De
740 1372 780 1395 ss.
802 1364 896 1395 Petro
917 1366 950 1395 et
971 1363 1078 1395 Paulo.

168 1453 228 1485 la.
259 1452 359 1484 Iubar
384 1453 501 1485 mundo
527 1454 715 1493 geminatur,
857 1452 922 1488 lb.
953 1454 1079 1493 Petrus,
1108 1457 1220 1494 pastor
1246 1455 1323 1486 almi
1351 1455 1468 1497 gregis,

264 1499 342 1531 Dies
370 1499 470 1532 festus
498 1505 680 1540 renovatur,
954 1502 1082 1541 Paulus,
1105 1503 1218 1534 doctor
1237 1512 1380 1536 summae
1396 1505 1490 1545 legis,

311 1548 398 1580 Caeli
425 1549 638 1589 luminarium,
1001 1550 1183 1582 Transeunt
1209 1552 1251 1584 ad
1278 1551 1439 1585 bravium.

168 1656 228 1687 211.
263 1654 364 1686 Cruce
391 1655 516 1694 Petrus,
546 1656 663 1688 Paulus
689 1664 765 1687 ense
858 1656 920 1690 2b.
951 1656 1046 1689 Laeti
1071 1660 1184 1696 petunt
1212 1657 1293 1689 caeli
1320 1659 1438 1697 caelos,

265 1702 398 1734 Cursum
415 1705 587 1745 complent,
601 1705 647 1735 sic
661 1705 795 1735 immen—
956 1704 1056 1747 Caeli,
1088 1709 1175 1736 terra
1202 1710 1352 1745 promant
1377 1706 1478 1738 melos

577 1761 632 1783 sae
1005 1753 1126 1785 Laetae
1151 1754 1382 1790 modulandae.

313 1799 445 1832 Culmen
472 1799 610 1831 sandunt
636 1800 758 1840 gloriae
769 1811 777 1838 ς

168 1907 228 1938 311.
260 1905 303 1936 Hi
331 1908 404 1936 sunt
429 1905 530 1936 nubes
557 1910 772 1946 coruscantes,
860 1907 921 1942 3b,
954 1907 997 1940 Hi
1025 1917 1202 1949 praecones
1228 1918 1332 1941 novae
1357 1911 1441 1952 legis

268 1953 400 1985 Terram
429 1954 535 1985 cordis
561 1953 734 1994 irrigantes
958 1955 1001 1988 Et
1027 1958 1176 1989 doctores
1202 1959 1276 1990 novi
1303 1960 1409 2000 gregis

314 2001 407 2033 Nunc
433 2011 515 2041 rore,
543 2011 626 2033 nunc
652 2002 779 2046 pluvia;
1004 2006 1057 2037 Ad
1085 2006 1206 2039 Christi
1232 2009 1435 2048 praesaepia.

171 2110 230 2141 4a.
264 2109 359 2148 Signa
386 2108 477 2149 mira,
506 2108 665 2149 dogmata,
862 2111 926 2144 4b.
957 2111 1073 2151 Reges,
1102 2112 1217 2154 vincla,
1246 2113 1385 2146 verbera

270 2157 430 2188 Virtutum
457 2161 600 2189 aromata
958 2160 1092 2202 Famem,
1119 2161 1216 2203 sitim,
1243 2170 1360 2201 aspera

315 2204 519 2238 Profundum
544 2206 674 2248 odoris;
1006 2209 1051 2241 Vi
1077 2209 1209 2241 vineunt
1236 2210 1366 2243 amoris.

173 2314 232 2344 5a.
263 2311 349 2343 Laus
370 2312 544 2344 communis
563 2316 611 2344 est
624 2312 802 2355 amborum,
865 2313 926 2348 5b.
957 2316 1073 2348 Petrus
1100 2315 1206 2356 praeit
1232 2317 1430 2359 principatu,

270 2360 349 2392 Cum
384 2360 448 2392 sint
473 2366 580 2393 tamen
607 2361 804 2403 singulorum
963 2362 1085 2395 Paulus
1111 2364 1213 2404 ponet
1237 2366 1429 2406 magistratu

316 2408 498 2450 Dignitates
525 2410 687 2450 propriae.
1013 2411 1125 2445 Totius
1152 2413 1318 2447 ecclesiae.
