1654 2756
723 129 984 165 —156—

188 228 247 260 2a.
283 226 406 266 Gaude,
433 228 508 268 quia
535 226 713 266 concepisti
889 226 949 260 2b.
977 227 1078 266 Quam
1103 226 1236 267 angelus
1262 221 1433 256 salutavit:

280 275 418 307 Matrem
447 275 507 307 Dei
533 275 607 306 Iesu
634 273 764 315 Christi,
980 275 1114 317 „Paries
1140 273 1242 306 filium
1267 269 1419 309 David“;

279 323 371 354 Hanc
397 323 537 355 Mariam
564 322 721 362 peperisti
976 323 1077 363 Quam
1103 322 1247 355 Ioachim
1274 318 1458 361 procreavit

327 371 448 410 Magna
475 380 545 402 cum
571 370 716 412 laetitia;
1024 371 1061 402 In
1089 380 1147 402 sua
1170 369 1304 402 iustitia.

193 467 253 499 3a.
282 465 374 497 Paris
395 465 472 498 inde
497 467 576 498 duas
603 466 685 506 pias,
887 466 947 501 ab.
976 467 1019 500 Hi
1044 467 1206 499 caelorum
1231 466 1265 498 in
1288 468 1447 498 conventu

280 514 402 544 Parens
430 513 579 555 fecunda,
607 514 740 556 Marias,
977 515 1177 555 Angelorum
1201 523 1273 546 cum
1300 516 1459 545 concentu

279 562 420 602 Quarum
448 562 514 594 nati
542 562 634 594 nobis
661 562 729 594 vias
978 562 1098 594 Tecum
1127 564 1181 602 pio
1207 562 1394 594 interventu

327 610 421 642 Vitae
447 610 728 650 praedicaverant.
1027 611 1172 643 Coronas
1199 613 1404 650 aeceperant.

193 708 254 739 4a.
282 707 389 744 Salve,
421 710 525 738 mater
551 707 663 738 matris
691 706 821 745 Christi,
892 706 952 738 4b.
980 706 1078 746 Ergo,
1104 708 1212 746 Anna,
1239 715 1297 738 nos
1324 705 1470 743 emenda,

282 755 318 787 In
347 760 449 787 morte
476 755 631 787 salvatrix
660 754 757 796 tristi,
981 754 1181 786 Emendatos
1207 764 1265 786 nos
1292 753 1482 786 commenda

284 802 350 833 Nos
377 804 418 835 ad
448 803 594 834 dextram
622 802 697 833 iube
723 802 795 833 sisti
981 801 1060 833 Tuis
1086 803 1170 834 natis
1196 802 1238 834 ad
1264 802 1415 834 habenda

330 850 459 882 Ducens
486 851 527 882 ad
555 850 717 884 caelestia.
1031 849 1235 889 Sempiterna
1261 850 1389 890 gaudia.

261 944 349 972 Grad.
374 954 425 972 ms.
449 945 614 972 Praedieat.
637 945 838 972 Insulensium
859 943 1006 978 (Arosiae)
1027 952 1102 971 saec.
1127 943 1200 972 ¹⁶ae‘1e.
1244 944 1315 971 eod.
1337 945 1481 979 Upsalen.
1501 944 1525 971 C

187 981 252 1010 513.
275 984 308 1010 A.
325 999 361 1002 —
376 983 459 1011 Miss.
483 985 618 1011 Anoense
641 985 711 1019 imp.
733 983 872 1011 Lubecae
900 981 982 1010 1488.
1004 983 1036 1009 Β.
1053 997 1089 1001 -
1106 981 1156 1016 21),
1175 982 1187 1010 1
1205 983 1280 1010 Narn
1303 983 1379 1010 hanc
1400 983 1525 1018 angelus

186 1023 336 1049 nuntiavit
359 1022 388 1048 B.
413 1038 447 1041 -—
471 1022 523 1053 21),
546 1021 564 1049 2
586 1023 753 1049 Parituram
776 1023 809 1049 B.
832 1036 869 1040 -
890 1020 933 1049 3a
953 1031 981 1048 u.
1004 1020 1049 1048 31)
1072 1023 1137 1049 sind
1159 1022 1359 1058 umgedichtet
1381 1022 1440 1049 und
1462 1026 1525 1049 ent-

186 1060 265 1087 stellt
287 1062 317 1086 iu
339 1061 375 1086 B:

191 1116 242 1145 321.
266 1118 353 1147 Hine,
377 1119 470 1145 Anna.
494 1119 567 1145 duas
593 1120 656 1153 pias
890 1116 942 1145 3b.
966 1119 1006 1144 Hi
1028 1127 1106 1144 nunc
1128 1121 1222 1144 tecum
1246 1118 1454 1150 iucundannw,

263 1156 399 1182 Gennisti
422 1157 544 1190 Marias,
962 1156 1098 1182 Psallant
1121 1155 1207 1182 modo
1229 1159 1258 1183 et
1279 1156 1428 1183 laetantur

261 1194 391 1226 Quarum
414 1198 515 1229 partus
537 1196 668 1229 gentium
692 1195 756 1220 vias
961 1195 1125 1228 Gratiaque
1147 1195 1304 1224 satiantur,

302 1232 387 1258 Sorte
412 1232 655 1267 praedicaverunt
998 1233 1055 1265 Qui
1078 1233 1159 1259 iussa
1182 1232 1291 1259 Christi
1314 1233 1524 1268 impleverunt.

198 1330 211 1335 ..
263 1297 407 1324 Melodie:
446 1299 602 1325 Verbum
645 1300 790 1332 bouum,
833 1300 885 1325 mit
919 1298 1153 1332 Wiederholunfz
1187 1299 1239 1326 der
1274 1299 1523 1336 Schlussstrophe.

192 1337 340 1371 Ubrigens
368 1336 405 1361 ist
428 1337 476 1362 Str
511 1336 553 1363 41>
582 1338 639 1363 fast
666 1337 798 1364 wdrtlich
825 1345 878 1364 aus
906 1337 956 1364 der
979 1338 1112 1372 Sequenz
1137 1338 1284 1371 „Verbum
1309 1337 1437 1366 bonum“
1462 1343 1524 1366 ent-

190 1374 279 1401 lehnt.
301 1388 337 1392 —
360 1374 416 1400 (Jfr.
441 1376 609 1409 Klemming
631 1376 684 1404 ΙΙΙ,
708 1385 734 1411 p.
758 1374 791 1402 21
815 1384 857 1410 sq.

642 1488 698 1518 167.
735 1488 774 1518 De
797 1490 904 1518 sancto
927 1489 1063 1519 Annone.

201 1578 257 1609 la.
287 1576 411 1616 Gaude,
441 1577 517 1610 felix
545 1578 738 1619 Agrippina,
896 1578 954 1613 lb.
981 1579 1039 1610 His
1067 1580 1245 1613 translatis,
1276 1580 1341 1612 illis
1369 1582 1492 1622 stratis,

286 1625 384 1664 Quam
414 1627 559 1665 patronis
583 1630 629 1657 tot
658 1626 768 1658 divina
982 1628 1049 1659 Iste
1074 1627 1107 1658 in
1134 1632 1166 1658 te
1192 1628 1375 1660 sublimatis

332 1673 411 1704 Beat
438 1674 622 1713 opulentia;
1030 1675 1240 1708 Praesulatur
1263 1677 1377 1716 gloria.

192 1769 252 1801 2a.
281 1768 434 1800 Revereri
467 1770 541 1800 licet
569 1770 666 1810 noris,
892 1771 952 1805 2b.
979 1772 1038 1812 Qui
1065 1776 1096 1803 te
1126 1772 1254 1804 Christo
1280 1779 1458 1814 genuerunt

279 1816 397 1848 Omnes
425 1821 533 1848 tamen
560 1822 633 1848 sunt
659 1817 790 1849 maioris
979 1820 1021 1851 Et
1045 1821 1193 1852 caelestis
1221 1821 1395 1854 effecerunt

328 1865 441 1896 Patres
468 1866 680 1904 reverentiae,
1028 1868 1228 1901 Cobet-edem
1256 1872 1392 1910 patriae.

192 1962 251 1995 3a.
279 1962 369 1993 Inter
395 1970 485 2002 quos,
512 1965 547 1993 ut
574 1962 627 1993 lux
655 1962 783 2004 solam,
890 1964 949 1999 3b,
977 1964 1092 1997 Fidem
1125 1967 1221 2008 vulgi.
1250 1978 1395 2001 normam
1423 1971 1502 2002 cleri

280 2009 408 2049 Sparsit
436 2011 467 2041 in
495 2014 526 2041 te
552 2010 723 2050 singularis
976 2012 1198 2047 Reformando
1224 2016 1340 2049 librani
1369 2019 1438 2051 veri

326 2061 420 2090 Anno
448 2058 545 2090 decus
573 2058 676 2097 radii;
1023 2062 1141 2104 Dirigit
1167 2064 1290 2100 iudicii.

191 2156 251 2187 4a.
278 2156 384 2187 Atrox
411 2155 504 2187 malis
531 2155 624 2187 bonis
650 2155 756 2186 suevit
887 2156 946 2192 4b.
975 2158 1072 2190 Veste
1100 2159 1204 2193 fretus
1232 2163 1373 2202 cilicina,

276 2203 440 2243 Misereri,
469 2204 543 2244 quia
571 2204 672 2236 crevit
978 2207 1075 2240 Cuius
1102 2213 1172 2241 erat
1199 2210 1232 2241 in
1262 2212 1373 2244 divina

326 2251 441 2284 Secum
469 2252 644 2286 miseratio.
1026 2256 1113 2296 Lege
1141 2258 1320 2298 meditatio,

190 2350 250 2381 5a.
279 2348 349 2380 Stat
375 2349 513 2382 invictus
541 2359 600 2382 nec
626 2353 784 2391 movetur,
887 2351 947 2385 5b.
976 2351 1100 2384 Imbres
1134 2354 1228 2386 sedat
1253 2357 1352 2390 verbo
1380 2359 1507 2404 densos,

277 2397 370 2428 Licet
397 2399 512 2431 crebro
538 2399 727 2431 molestetur
978 2400 1077 2432 Curat
1106 2410 1218 2434 caecos
1245 2408 1276 2436 et
1302 2415 1479 2447 suspensos

326 2447 354 2477 A
382 2447 537 2480 malorum
567 2446 707 2480 fremitu.
1025 2449 1132 2482 Solvit
1157 2450 1198 2482 ab
1225 2452 1367 2488 interitu.
