1654 2756
717 153 984 189 —315-

175 249 237 280 4a.
272 246 338 281 Sed
365 248 459 281 nobis
486 259 506 282 a
531 254 563 281 te

275 296 372 330 detur
399 302 456 330 tua
482 298 586 340 venia,

883 253 947 286 4b.
979 253 1026 287 Ut
1051 261 1122 284 cum
1147 251 1272 293 angelis

980 302 1141 333 laetemur
1163 301 1196 332 in
1222 299 1336 341 gloria.

178 387 238 418 58.
269 384 296 417 O
325 385 456 425 caritas,
883 388 946 421 5b.
981 388 1007 421 Ο
1033 388 1179 428 largitas,

672 479 728 507 50.
756 475 782 507 Ο
810 474 933 514 pietas!

758 523 826 555 Nos
853 525 960 557 deduc
985 525 1017 556 in
1044 528 1177 556 aeterna

757 572 891 606 laetitia.

257 658 343 686 Miss.
374 669 427 686 ms.
456 659 485 687 S.
515 659 641 687 Amandi
672 660 853 687 Elnonensis
882 668 958 687 saec.
989 659 1031 687 14.
1061 659 1133 686 Cod.
1162 660 1370 686 Valentianen.
1400 658 1463 686 111.
1486 672 1523 677 —

178 697 326 726 Melodie:
350 698 557 726 Inviolata.

631 784 700 815 348.
741 783 785 815 De
806 791 868 815 uno
889 783 1083 820 confessore.

182 866 242 898 1a.
277 865 336 898 Isti
363 872 476 898 sancto
503 865 681 897 confessori

278 915 479 955 Angelorum
506 915 609 946 sancti
638 915 727 946 chori

329 964 551 996 occurrerunt
574 963 702 995 obviam

889 865 951 899 lb.
985 866 1022 896 ln
1051 866 1107 896 hac
1136 866 1200 905 die,
1227 866 1356 905 quando
1381 874 1508 898 sursum

982 914 1057 945 Fuit
1084 918 1157 953 post
1183 914 1267 945 hunc
1290 914 1374 946 vitae
1393 923 1522 946 cursum

1033 965 1228 1003 Assumptus
1255 963 1295 994 ad
1323 962 1468 1002 gloriam.

183 1050 242 1082 2a.
277 1049 341 1082 Hic
367 1049 408 1081 ab
434 1049 520 1081 omni
550 1058 644 1082 carus
670 1053 776 1090 gente,
886 1051 948 1082 2a.

283 1098 422 1131 Sanctus
433 1097 553 1139 verbis,
565 1105 696 1129 sanctus
706 1102 823 1134 mente.

329 1147 468 1179 Sanctus
494 1146 535 1177 ab
560 1145 718 1186 infantia·‚

981 1050 1016 1080 In
1045 1058 1137 1089 quem
1165 1050 1283 1081 mansit
1309 1049 1430 1081 Elisaei

983 1098 1208 1130 Praedieando
1236 1097 1368 1129 verbum
1396 1097 1456 1129 Dei

1031 1145 1172 1185 Spiritus
1200 1151 1231 1177 et
1257 1146 1371 1184 gratia.

982 1231 1201 1270 Desperantes
1228 1231 1432 1265 confortabat

985 1279 1027 1311 Et
1055 1286 1201 1312 errantes
1227 1280 1403 1312 revocabat

1032 1328 1086 1359 Ad
1114 1329 1197 1360 viam
1225 1329 1379 1362 iustitiae.

183 1234 243 1266 3a.
275 1232 339 1265 Hic
363 1233 397 1264 in
424 1232 510 1264 omni
537 1241 595 1264 sua
622 1232 689 1264 vita
887 1231 948 1265 3b.

279 1281 371 1313 Vixit
397 1280 480 1312 sicut
508 1281 653 1321 eremita,

332 1330 431 1363 Pater
456 1329 690 1367 abstinentiae;

184 1419 247 1450 4a.
280 1417 452 1451 Pastorale
478 1420 592 1457 pastor
618 1417 721 1448 bonus
886 1415 951 1449 4b.
983 1415 1121 1455 Gregem
1149 1416 1209 1448 Dei
1238 1416 1318 1447 bene
1345 1417 1435 1456 pavit

283 1466 346 1499 Sed
374 1465 475 1497 invite
502 1466 639 1507 sumpsit
667 1475 748 1498 onus
986 1464 1029 1496 Et
1055 1469 1204 1504 aegrotos
1231 1465 1385 1496 liberavit

332 1514 476 1547 Honoris
502 1514 691 1554 impatiens3
1034 1512 1216 1545 Daemones
1244 1514 1373 1546 eiciens.

187 1605 246 1636 5a.
280 1602 417 1635 Morbos
443 1602 570 1642 pellens
593 1606 625 1633 et
644 1601 826 1641 languores,
889 1601 950 1635 5b.

280 1651 410 1684 Laudes
437 1658 596 1692 spernens
622 1654 655 1682 et
674 1650 822 1689 honores,

329 1700 483 1732 Tendens
509 1699 551 1731 ad
579 1699 742 1742 caelestia,

984 1600 1037 1632 Sic
1064 1609 1259 1641 componens
1286 1611 1360 1633 suos
1387 1611 1492 1634 mores

984 1650 1036 1681 Ad
1065 1651 1221 1681 caelestes
1249 1651 1337 1682 vadit
1365 1649 1452 1683 fores

1030 1699 1161 1731 Intrans
1188 1708 1258 1730 cum
1286 1699 1423 1733 laetitia.

985 1786 1029 1818 Et
1054 1787 1247 1818 mundemur
1273 1797 1291 1818 a
1318 1788 1462 1827 peccatis

984 1835 1028 1867 Et
1054 1836 1200 1868 vivamus
1227 1845 1298 1867 cum
1326 1836 1430 1868 beatis

1036 1885 1073 1917 In
1102 1885 1234 1917 caelesti
1262 1885 1379 1926 patria.

183 1790 247 1822 6a.
279 1789 326 1821 Te
353 1797 536 1829 precamur,
563 1792 677 1829 pastor
704 1786 800 1827 bone,
887 1786 950 1821 6b.

281 1839 386 1871 Actus
412 1841 542 1870 nostros
569 1837 617 1869 sio
644 1844 812 1876 compone,

329 1886 422 1927 Quod
449 1895 640 1926 spernamus
667 1885 747 1917 vitia

260 1976 345 2003 Miss.
376 1974 549 2001 Morinense
585 1975 654 2009 imp.
687 1973 848 2008 Rotomagi
883 1970 965 1999 1516.
1000 1973 1032 1999 Α.
1068 1986 1102 1989 -
1136 1973 1221 2000 Miss.
1253 1973 1426 2001 Morinense
1459 1975 1530 2009 imp.

181 2013 308 2057 Parisiis
340 2010 424 2042 1518.
447 2013 480 2040 Β.
502 2027 539 2032 ——
560 2013 645 2040 Miss.
668 2012 840 2039 Morinense
862 2012 932 2047 imp.
956 2012 1116 2047 Rotomagi
1143 2011 1224 2039 1523.
1248 2014 1279 2038 C.
1302 2027 1338 2030 ——
1361 2009 1418 2043 3b,
1446 2012 1463 2040 3
1486 2013 1530 2040 Ad

179 2060 274 2082 Vltam
296 2055 333 2081 Α.

639 2127 709 2158 349.
750 2126 794 2157 De
814 2135 875 2159 uno
898 2126 1091 2159 confessore.

887 2209 949 2244 lb.
981 2209 1131 2242 Imitator
1158 2210 1279 2242 Christi
1307 2210 1398 2241 ducis

981 2258 1110 2291 Memor
1136 2257 1197 2290 fuit
1224 2259 1291 2290 eius
1319 2260 1424 2292 erucis

182 2213 244 2246 la.
275 2212 372 2245 Felix
399 2210 483 2243 vixit
509 2209 562 2241 hie
588 2208 766 2250 confessor,

279 2261 402 2302 Verbo,
430 2260 496 2291 vita
522 2257 559 2291 fit
581 2257 752 2300 professor

182 2399 244 2433 2a.

329 2309 538 2344 Christianae
563 2308 656 2345 fidei:

278 2398 473 2439 Voluptates
499 2396 678 2436 abdicavit,

281 2447 422 2481 Carnem
448 2456 539 2480 suam
566 2446 740 2487 castigavit

330 2496 395 2529 Per
418 2497 493 2537 iuge
518 2496 735 2538 martyrium3

1034 2307 1230 2348 Cruorisque
1257 2308 1351 2342 rosei.

888 2395 952 2431 2b.
984 2396 1146 2428 Ieiunavit
1172 2400 1203 2428 et
1230 2396 1335 2428 oravit

986 2445 1029 2477 Et
1055 2444 1088 2476 in
1116 2454 1212 2477 cruce
1238 2454 1272 2477 se
1296 2447 1449 2479 mactavit

1036 2494 1150 2527 Vivum
1177 2494 1382 2529 sacrificium.
