1654 2756
841 149 912 186 290
961 169 1006 174 —

219 251 278 282 5a.
309 248 419 280 Mente
446 249 549 288 carpit
576 247 710 279 eremita
907 245 969 280 5b.
1000 245 1156 286 Angelus,
1185 246 1252 278 dux
1279 245 1358 284 eius,
1386 244 1449 277 ait:

310 296 406 327 Suum
433 295 522 336 fungi
550 304 659 336 parem
685 295 732 327 ita
1003 293 1077 332 Vas,
1087 294 1290 334 quodhabes,
1303 292 1539 334 plustetrahit,

357 345 474 376 Rerum
501 344 678 384 opulentia.
1051 342 1153 381 Quam
1180 342 1259 374 haec
1287 343 1392 374 virum
1418 341 1524 382 copia.

217 437 276 469 6a.
311 436 602 476 Burdegalensibus
905 433 967 468 6b.
1001 433 1112 476 Spirat
1135 433 1292 466 miracula

362 483 430 516 Lux
457 484 541 516 alma
567 488 698 523 remeat,
1050 482 1187 515 Sanctus
1212 485 1287 523 post
1312 481 1496 519 transitum,

312 532 356 565 Ut
383 531 422 564 de
446 532 618 564 virtutibus
1000 530 1156 564 Gotorum
1182 531 1287 563 iacula

359 580 490 612 Alumni
517 581 654 620 gaudeat
1049 579 1186 620 Frangit
1213 583 1244 611 et
1270 578 1437 610 fremitum

405 630 488 661 Tota
513 629 690 669 provincia.
1099 627 1308 661 Confundens
1337 627 1444 659 fortia.

217 720 276 754 7a.
311 720 392 752 Dum
418 730 475 752 suo
498 719 616 752 fruitur
907 718 968 753 vb.
1001 719 1083 751 Dum
1108 720 1197 760 gregi
1224 719 1361 751 redeunt.

358 768 498 800 Alumno
525 768 641 809 Gallia,
1053 767 1161 800 Patris
1187 768 1354 808 reliquiae.

311 816 410 848 Trina
435 816 601 848 conficitur
1003 816 1083 848 Cum
1110 821 1202 856 patre
1229 817 1365 847 subeunt

360 864 459 896 Fame
486 865 627 902 Colonia,
1053 864 1153 896 Rores
1179 869 1211 896 et
1236 864 1380 904 pluviae,

314 912 382 944 Nec
409 923 461 945 rus
488 913 642 944 imbuitur
1002 911 1204 953 Fructusque
1231 912 1387 944 revehunt

360 961 445 993 Rore
472 971 529 993 nec
554 961 682 1001 pluvia;
1051 961 1094 992 Et
1122 962 1205 993 dona
1233 962 1355 1001 copiae.

218 1053 277 1084 Sa.
309 1051 414 1093 Salve,
441 1056 534 1093 pater
561 1052 724 1089 Severine,
906 1051 968 1085 8b.
1002 1052 1046 1085 Ut
1072 1052 1219 1084 mundati
1245 1061 1302 1084 suo
1330 1060 1403 1084 rore

313 1099 477 1131 Maiestam
503 1099 581 1131 offer
607 1100 710 1130 trinae

363 1147 477 1179 Preces
504 1157 563 1187 pro
589 1146 722 1185 familia,

1004 1100 1161 1132 Vitiorum
1188 1111 1206 1132 a
1233 1101 1382 1140 squalore

1052 1148 1276 1180 Fecundemur
1301 1150 1417 1189 gratia.

294 1232 374 1260 Grad
396 1242 448 1260 ms.
464 1234 492 1260 S.
507 1234 619 1261 Mariae
642 1235 671 1260 in
687 1234 837 1269 capitolio
860 1243 935 1261 saee
964 1234 996 1261 16
1019 1236 1058 1261 in.
1075 1236 1146 1263 Cod.
1164 1238 1192 1263 S.
1210 1236 1323 1262 Mariae
1346 1236 1376 1262 in
1393 1234 1544 1270 Capitulio

219 1272 371 1300 Colonien.
391 1279 412 1298 s.
436 1282 463 1298 u.
485 1287 521 1292 —
543 1271 594 1303 221,
620 1271 632 1298 1
656 1273 800 1299 obstrusa.
825 1287 860 1291 —
881 1273 934 1300 fib.
962 1273 973 1300 1
998 1275 1157 1301 miraculi&

593 1395 653 1426 321.
695 1396 736 1426 De
757 1405 780 1426 s.
803 1395 945 1435 Sigfrido
968 1395 1169 1427 Vexoniensi.

223 1478 282 1509 la.
313 1476 409 1510 Clara
435 1478 548 1515 laude,
576 1482 690 1513 turma,
718 1477 846 1516 plaude,

361 1524 455 1557 Dulci
483 1534 558 1557 voce
584 1525 729 1557 Alleluia

911 1477 971 1510 lb.
1002 1477 1056 1508 Ad
1083 1479 1206 1510 aeterni
1232 1478 1316 1518 regis
1343 1477 1484 1516 laudem,

1053 1526 1113 1565 Qui
1139 1526 1297 1567 gubernat
1322 1526 1439 1558 omnia.

225 1619 284 1650 2a.
317 1617 415 1655 Quem
442 1617 577 1648 iubilant
604 1617 684 1648 caeli
710 1625 833 1648 summa

366 1665 430 1702 Sol,
455 1666 530 1696 luna
557 1670 653 1705 atque
677 1668 773 1701 astra,

909 1616 970 1650 2b,
1002 1617 1106 1659 Mare,
1135 1618 1237 1649 solum
1264 1624 1296 1650 et
1321 1616 1455 1649 flumina

1054 1666 1240 1706 Cunctaque
1266 1667 1442 1698 nascentia.

222 1759 280 1790 3a.
309 1757 367 1795 Qui
395 1755 573 1796 Sigfridurn
602 1756 649 1787 his
676 1757 806 1788 advexit

366 1805 438 1836 Oris
464 1805 539 1836 olim
569 1805 608 1836 ab
636 1805 764 1846 Anglia,

909 1755 970 1790 3b.
1003 1757 1048 1790 Ut
1074 1758 1215 1796 gentium
1241 1758 1404 1789 nationem

1054 1805 1149 1838 Unda
1176 1806 1314 1838 dilueret
1340 1815 1445 1840 sacra.

221 1898 281 1929 421.
314 1896 510 1928 Daemonum
539 1897 612 1928 dolo
638 1897 781 1935 seducta,
909 1896 974 1930 4b.
1008 1897 1059 1928 Ad
1088 1899 1207 1929 cultum
1237 1898 1297 1929 Dei
1324 1902 1439 1930 vocata

363 1944 506 1976 Idolatra
533 1945 646 1976 effecta
1056 1945 1191 1986 Sigfridi
1215 1955 1275 1989 per
1303 1947 1497 1985 doctrinam,

318 1993 546 2033 Redemptoris
572 1994 604 2025 in
631 1998 848 2035 contemptum
1006 1993 1204 2026 promereris
1232 1995 1395 2038 caelestia,

364 2041 519 2073 Errorum
547 2051 605 2082 per
630 2042 735 2079 devia,
1055 2042 1089 2074 Si
1115 2044 1193 2075 colis
1221 2044 1367 2084 vestigia.

224 2137 284 2167 52.
319 2132 443 2173 Sponsa
468 2134 589 2166 Christi
614 2134 679 2164 iam
705 2141 738 2163 es
765 2132 851 2164 facta
913 2134 974 2167 5b.
1006 2134 1131 2177 Gaude,
1159 2145 1295 2176 namque
1323 2136 1512 2170 christicola

368 2181 568 2222 Cooperante
595 2182 709 2223 gratia,
1056 2182 1212 2215 Sveorum
1237 2193 1322 2216 nunc
1346 2185 1494 2228 ecclesia,

318 2230 529 2272 mennam-is,
556 2229 741 2267 infecunda,
1007 2231 1112 2263 Tanto
1138 2237 1232 2273 patre
1257 2232 1443 2273 sublimata,

369 2279 462 2310 Prole
486 2279 627 2313 laetaris,
655 2278 777 2310 inclita.
1059 2279 1172 2312 Lauda
1199 2280 1336 2321 sigfridi
1362 2283 1490 2316 merita.

221 2373 279 2405 6a.
313 2370 408 2404 Cuius
436 2370 527 2411 festa,
559 2380 647 2402 mens
674 2370 801 2410 devota,
914 2369 975 2404 6b.
1009 2369 1112 2406 Nunc,
1142 2371 1235 2403 beate
1258 2381 1278 2404 o
1303 2371 1456 2415 sigfride,

366 2419 392 2450 F
397 2424 587 2460 requentare
611 2420 675 2450 iam
701 2422 811 2459 satage

415 2468 556 2501 Colendo
583 2468 734 2500 celebria.

1059 2419 1293 2452 Commendare
1328 2431 1385 2454 nos
1412 2422 1550 2464 dignare

1107 2469 1145 2501 In
1173 2469 1253 2501 caeli
1280 2470 1412 2510 palatia,
