1654 2756
164 237 227 271 za.
254 237 345 271 Sicut
372 247 448 271 rosa
473 237 610 274 floribus

302 287 440 320 Praeest
465 285 525 320 flos
553 291 671 327 colore,

250 336 387 369 Cunctis
414 338 462 369 sic
487 337 670 378 virginibus

302 384 409 417 Maria
439 386 572 421 decore.

165 462 226 495 3a.
254 461 358 494 Foliis
386 463 572 504 duplicibus

253 511 424 544 Dilatatur
449 511 572 544 visibus

302 560 530 599 inspectorum
557 557 684 602 [i·osa];

164 637 226 670 4a.
254 637 381 669 Viroris
408 637 586 669 amoenitas

302 685 429 717 Decens
456 688 551 717 ornat
577 694 694 725 rosam,

252 733 394 766 Mariam
421 733 604 775 integritas,

300 781 441 814 Matrem
469 782 655 822 gloriosam.

163 862 225 893 5a.
252 861 361 892 Rosae
387 860 507 892 rubens
535 859 647 893 folium

251 909 392 946 Iudicat,
422 909 508 950 quod
534 910 678 950 gladium

304 959 406 991 Passa
431 958 592 990 Simeonis

162 1035 224 1069 6a.
253 1035 409 1068 Producit
436 1037 572 1068 interius

301 1085 390 1117 Rosa
416 1085 640 1126 sementivum,

255 1133 394 1165 Clausus
422 1133 535 1165 hortus
563 1135 671 1173 regius

303 1182 420 1220 Deum,
448 1181 570 1214 fontem
598 1183 718 1214 vivum.

165 1259 225 1293 72.
253 1260 343 1293 Rosa
369 1268 404 1291 se
430 1260 617 1301 gerentibus

302 1308 439 1341 Dulcem
468 1308 524 1341 dat
550 1309 695 1351 odorem,

252 1358 353 1399 Virgo
379 1366 414 1389 se
440 1357 621 1389 colentibus

305 1406 413 1438 Vitam
440 1411 474 1438 et
499 1406 666 1439 honorem.

799 143 846 180 95
896 161 943 168 ——

870 242 929 276 2b.

869 464 930 497 3b.

868 640 931 673 4b.

872 863 931 897 5b.

872 1037 932 1070 6b.

872 1260 932 1295 7b.

958 243 1049 275 Inter
1074 241 1185 282 spinas
1211 241 1315 274 oritur

1007 291 1104 329 Rosa,
1135 290 1234 323 decor
1258 289 1384 331 florum,

959 339 1008 371 De
1033 339 1137 381 spinis
1162 339 1328 380 egreditur

1009 388 1109 429 Virgo
1136 388 1339 420 Iudaeorum.

959 465 1073 497 Oranti
1099 475 1159 504 pro
1186 466 1314 498 homine

959 513 1088 545 Caritas
1114 514 1147 545 in
1174 514 1299 554 virgine

1008 561 1137 602 Duplex
1166 566 1214 594 est
1239 562 1410 595 absconsa.

959 641 1068 670 Aurea
1095 639 1244 671 decentia

1007 687 1093 719 Rosa
1121 687 1303 730 decoratur,

957 735 1066 767 Mater
1092 736 1252 777 sapientia

1008 785 1068 816 Dei
1095 788 1300 824 perornatur.

958 862 1100 901 Domini,
1128 871 1220 902 quem
1248 863 1387 905 peperit,

958 911 1034 943 Iesu
1062 919 1140 943 nece
1163 911 1261 943 fuerit

1009 959 1150 992 Consors
1175 960 1346 1000 passionis,

962 1037 1048 1069 Rosa
1074 1046 1167 1069 inane
1195 1037 1273 1069 folia

1011 1086 1129 1117 Pandit
1153 1090 1224 1117 orto
1251 1086 1322 1125 soli,

962 1134 1061 1166 Porta
1088 1134 1166 1164 viris
1192 1134 1280 1166 invia

1011 1183 1106 1214 Patet
1132 1182 1202 1213 Deo
1230 1183 1300 1215 soli.

961 1260 1069 1293 Decus
1094 1269 1170 1301 ergo
1197 1261 1333 1303 regium,

1009 1310 1096 1342 Rosa
1123 1310 1311 1348 venustatis,

959 1358 1033 1389 Tibi
1063 1357 1286 1390 famulantium

1009 1408 1076 1440 Ora.
1102 1416 1161 1447 pro
1187 1408 1341 1447 peccatis.

233 1473 356 1502 Collect.
381 1482 434 1501 ms.
451 1473 610 1502 Sosmense
632 1482 710 1502 saec.
733 1473 776 1502 15.
813 1474 883 1502 Cod.
900 1475 1029 1502 Parisin.
1055 1472 1160 1503 15161.
1177 1490 1214 1495 ——
1232 1472 1255 1506 l,
1272 1474 1290 1501 4
1304 1475 1401 1503 Mater
1416 1478 1453 1502 et.
1469 1489 1505 1493 —

159 1511 211 1545 3³,
228 1510 246 1539 3
268 1513 358 1541 Trotz
380 1512 431 1540 des
454 1514 599 1540 unreinen
618 1514 735 1541 Reimes
759 1514 1049 1549 „rosa—absconsa*
1075 1513 1190 1541 scheiut
1205 1514 1252 1541 die
1269 1514 1416 1550 Analogie
1432 1513 1506 1541 aller

157 1551 287 1579 anderen
304 1552 455 1588 Strophen
475 1551 528 1579 das
546 1552 633 1580 &Vort
656 1550 759 1585 „rosa“
785 1561 821 1580 zu
843 1553 970 1581 sordem.
991 1567 1026 1572 -—
1048 1551 1101 1585 3b‚
1116 1552 1134 1580 3
1157 1553 1275 1589 Duplex
1301 1554 1449 1580 insconsa.
1469 1567 1505 1571 -

158 1590 230 1626 Vgl.
249 1592 337 1618 Anal.
360 1592 472 1626 Hymn.
495 1592 531 1622 X,
556 1592 606 1618 Nr.
632 1589 693 1618 107.

604 1686 651 1719 89.
686 1687 727 1718 De
752 1687 851 1719 Beata
873 1687 975 1719 Maria
998 1687 1032 1718 V.

168 1760 184 1792 1
200 1768 230 1792 a.
259 1758 418 1801 Specialis
445 1759 636 1800 eminenter,

256 1808 440 1849 Singularis
467 1809 676 1850 excellenter,

302 1856 461 1889 Eminens
488 1857 676 1896 virtutibus

168 1938 230 1970 2a.
256 1936 369 1968 Aaron
398 1936 489 1977 virga
516 1940 550 1967 tu
577 1935 680 1977 fuisti,

253 1985 399 2023 Florem,
428 1984 569 2017 fructum
596 1985 764 2026 protulisti

304 2033 475 2074 Stupendo
501 2034 659 2066 miraculo
670 2045 678 2073 3

161 2115 181 2147 3
197 2122 227 2145 a.
254 2112 356 2153 Ergo,
385 2112 476 2154 virgo
503 2115 568 2144 tam
597 2113 702 2155 beata,

862 1757 891 1803 :1
904 1760 935 1793 b.

873 1936 934 1970 2b.

871 2113 932 2147 3b.

251 2162 369 2195 Multis
401 2162 502 2202 signis
527 2165 801 2204 praemonstrata,

304 2210 408 2243 Nobis
433 2211 477 2242 sis
504 2211 668 2251 propitia3

162 2293 224 2324 4a.
252 2290 333 2324 Piae
360 2290 475 2322 matris
501 2290 556 2330 pia
583 2289 703 2331 proles,

870 2290 932 2323 4b.

251 2340 318 2372 Hic
346 2343 514 2381 purgatos,
542 2338 673 2380 quando
700 2339 800 2379 voles,

299 2387 459 2421 Transfer
485 2397 543 2420 nos
571 2389 613 2421 ad
640 2397 778 2428 supera;

963 1759 1041 1791 Flos
1068 1762 1100 1792 et
1126 1760 1232 1792 lumen
1256 1769 1289 1792 es
1308 1765 1506 1803 sanctorum,

964 1808 1028 1841 Sed
1055 1813 1087 1841 et
1113 1809 1192 1849 ipsis
1219 1810 1406 1849 angelorum

1012 1858 1201 1890 Praemines
1226 1858 1408 1891 ordinibus.

963 1936 1067 1968 Deum
1095 1937 1183 1976 paris
1210 1936 1348 1974 illibata,

963 1986 1041 2018 Post
1069 1989 1101 2018 et
1127 1990 1202 2017 ante
1228 1985 1371 2025 sigillata

1013 2036 1090 2066 Veri
1118 2035 1202 2074 regis
1229 2035 1358 2067 annulo.

962 2112 1068 2145 Aufer
1094 2109 1228 2157 [nox]as
1256 2116 1285 2143 et
1314 2121 1461 2153 angores.

962 2163 1106 2194 Mentem
1125 2161 1257 2199 munda,
1277 2159 1384 2193 fornia
1400 2171 1505 2194 mores

1010 2210 1147 2242 Pietatis
1174 2209 1289 2250 gratia.

964 2289 1040 2322 Piae
1067 2288 1180 2320 matris
1207 2289 1262 2328 pia
1288 2297 1386 2328 prece

962 2338 1010 2369 Tu
1036 2347 1094 2369 nos
1121 2346 1140 2368 a
1166 2337 1309 2369 secunda
1335 2346 1423 2378 nece,

1009 2387 1067 2418 Pie
1092 2386 1178 2427 Iesu,
1206 2386 1320 2419 libera.

227 2455 365 2484 Oration.
389 2464 443 2484 ms.
465 2454 684 2489 parisiensem)
704 2463 781 2483 saec.
806 2452 880 2482 ¹⁵l1e.
915 2453 1134 2489 Cod.2Parisin.
1158 2451 1243 2481 3639.
1260 2469 1297 2473 ——
1313 2454 1399 2484 steht
1420 2459 1507 2484 unter

151 2497 236 2524 einer
256 2495 351 2523 Reihe
371 2503 433 2523 von
454 2495 640 2531 Sequenzen.
