1654 2756
745 178 787 185 -
839 160 911 196 303
963 182 1006 187 —

195 260 258 294 6³.
291 258 371 299 Nos,
397 269 416 292 ο
443 258 652 294 Wandaliue.
899 260 962 296 6b.
996 261 1110 301 Nobis,
1139 261 1345 294 Wandaline.

294 308 441 341 Pet-catis
467 317 532 340 non
559 308 627 340 sine
998 310 1143 351 Regnum
1171 312 1241 342 sine
1269 311 1341 351 tino,

294 356 373 389 Dari
401 357 524 397 ruinae,
998 359 1076 397 Fac,
1104 361 1189 400 quod
1219 360 1330 392 divine

344 405 413 446 Quo
439 407 601 441 tristatur.
1048 409 1234 449 Largiatur.

277 492 363 519 Miss.
388 492 566 520 Trevirense
598 493 667 529 imp.
697 490 882 529 {Basileae?]
918 492 1000 521 1487.
1028 495 1061 522 A.
1090 510 1127 514 —
1154 497 1237 523 Miss
1265 496 1442 522 Trevirense
1475 496 1544 531 imp.

199 531 343 559 Coloniae
366 529 450 559 1498.
477 532 510 559 Β.
535 546 570 550 --
591 531 675 559 Miss.
697 533 874 560 Trevirense
897 534 966 569 imp.
990 534 1195 562 Confluentiae
1225 533 1307 562 1547.
1332 536 1363 560 C.
1388 549 1422 552 —
1448 533 1504 563 lh,
1528 532 1545 561 ζ),

197 571 372 599 Wandelini
399 570 469 603 (und
501 580 534 598 so
556 572 669 603 immer)
690 570 721 599 C.
746 586 781 590 —
808 571 857 604 lb,
881 570 899 599 2
922 582 987 599 cum
1011 575 1105 600 sancti
1128 574 1213 601 ABG.
1238 589 1269 592 —
1294 574 1422 600 Molodie
1446 575 1545 600 uatiir-

200 610 275 638 lich:
299 609 580 637 Laetabundus.

563 715 633 746 33⁴,
682 715 720 743 lte
745 725 768 744 s.
792 714 963 746 wernhero
986 715 1187 746 Wesaliensi.

227 795 244 827 1
260 805 290 827 a.
322 792 522 839 wermere,
550 796 609 829 flos
634 796 816 828 florentium
930 798 945 829 1
961 797 991 829 b.
1024 794 1115 830 Inter
1142 807 1231 830 rosas
1257 804 1465 838 purpuratas,

322 844 367 876 Et
392 845 478 876 inter
504 846 615 886 spinas
641 846 755 883 lilium,

372 893 487 926 Dulcis
514 898 546 926 et
571 895 732 930 amabilis,

228 991 288 1023 22.
320 985 440 1023 Nostra
467 996 498 1021 te
525 991 637 1022 laudat
665 991 771 1023 contio

325 1038 369 1070 Et
395 1038 508 1070 humili
535 1040 698 1071 consortio

351 1087 425 1118 Tibi
452 1088 552 1119 melos
579 1089 741 1129 canimus3

231 1186 292 1217 3a.
324 1180 418 1217 Nunc
444 1184 605 1216 laetanter
630 1185 802 1216 iubilemus

326 1232 370 1264 Et
397 1232 551 1263 decenter
577 1234 775 1264 exsultemus

375 1279 518 1321 speciali
544 1281 673 1321 gaudio,

230 1428 292 1459 4a.
323 1423 468 1459 Uerbum
497 1435 571 1458 caro
598 1431 629 1458 te
658 1427 784 1465 dilexit,

328 1474 442 1506 Secum
470 1484 601 1515 passum
628 1481 660 1506 te
687 1476 829 1515 protexit

379 1524 543 1563 Singulari
570 1525 685 1564 gratia.

231 1624 290 1654 5a.
325 1618 414 1654 Dant
440 1622 599 1653 scissuras
618 1626 649 1653 et
668 1624 846 1662 puncturas

327 1669 400 1701 Tibi
428 1679 550 1701 summe
576 1669 765 1710 profuturas

376 1718 502 1750 Furens
530 1719 623 1759 plebs
650 1719 803 1762 Iudaicaz,

229 1818 289 1850 6a.
323 1815 427 1850 Carne
454 1816 575 1848 Christi
602 1817 776 1857 pabulatus

327 1865 521 1897 Victimatur
547 1866 712 1898 reoblatus

380 1915 442 1947 Pro
470 1915 592 1948 Christi
623 1919 845 1955 sacrament03

233 2013 294 2045 7a.
328 2010 354 2046 0
381 2012 521 2053 Christe,
549 2022 607 2044 rex
634 2014 790 2056 piissime,

329 2061 530 2093 Wernherus
566 2066 671 2094 tecum
701 2066 847 2103 tempore

376 2111 518 2143 Moritur
545 2111 723 2150 doloribus,

236 2209 297 2243 83,
329 2206 391 2243 Est
417 2209 465 2241 illi
494 2209 579 2242 vitae
605 2209 718 2252 gloria,

327 2258 392 2291 Sed
421 2267 501 2291 aeva
529 2259 578 2290 his
605 2259 741 2291 tristitia

378 2308 541 2349 Nullaque
566 2308 711 2349 piacula;

232 2407 292 2439 9a.
324 2403 556 2440 Illuminantur
582 2406 676 2449 visui,

330 2455 428 2488 Surdi
456 2456 577 2489 dantur
601 2456 738 2492 auditui.

377 2504 527 2546 Matique
553 2504 701 2538 Alleluia

1027 847 1214 884 Rubieatas,
1243 847 1450 879 constellatas

1076 896 1174 935 Virgo
1203 896 1417 927 delectabilis.

932 991 994 1024 2b.
1027 989 1171 1025 Atten‹1e
1198 1001 1282 1023 nunc
1309 992 1348 1023 de
1375 992 1501 1033 superis

933 1185 994 1217 3b.

933 1426 997 1462 4b.

936 1621 999 1656 5b.

933 1817 998 1850 6b.

936 2013 997 2047 7b.

938 2209 1003 2242 Sb.

939 2406 1000 2439 9b.

1030 1040 1072 1072 Et
1100 1040 1247 1080 supplica
1276 1050 1334 1081 pro
1362 1041 1498 1075 miseris,

1078 1088 1249 1130 Hymniter
1286 1089 1339 1128 qui
1367 1089 1546 1129 psallimus.

1030 1183 1112 1217 Dum
1128 1186 1332 1216 victoriosum
1348 1186 1550 1225 triumphan-

1317 1239 1391 1272 tem,

1029 1281 1081 1313 Ab
1093 1291 1201 1313 amaru
1214 1287 1315 1313 morte
1324 1288 1545 1322 resurgentem

1079 1330 1222 1362 Colimus
1249 1330 1407 1370 tripudio,

1031 1424 1137 1467 Supra
1164 1437 1282 1467 pensus
1308 1427 1497 1468 flagellaris.

1030 1476 1141 1508 Cultro
1168 1485 1264 1508 carne
1291 1477 1487 1517 pei-sulcaris

1079 1524 1247 1556 Triduana
1273 1526 1383 1565 spacia

1034 1619 1078 1655 Os
1108 1623 1269 1662 mutescit,
1296 1623 1384 1654 unda
1412 1622 1539 1660 crescit,

1031 1671 1161 1711 Martyr
1179 1676 1314 1703 mortem
1333 1672 1379 1703 sic
1393 1671 1547 1711 capescit,

1078 1719 1261 1752 Concordat
1290 1731 1350 1752 vox
1378 1721 1494 1752 Isaica.

1034 1815 1214 1851 Trucidant
1236 1828 1353 1859 corpus
1367 1819 1549 1859 mysticum,

1034 1868 1118 1900 Dum
1151 1868 1282 1899 missum
1310 1876 1357 1899 est
1387 1866 1552 1899 verificam

1082 1916 1161 1948 Cum
1190 1918 1281 1949 vario
1309 1922 1482 1949 tormento.

1032 2011 1116 2054 Regi
1144 2014 1255 2046 virens
1282 2015 1467 2053 immortali,

1032 2064 1126 2096 Sorte
1156 2064 1251 2095 valde
1276 2064 1438 2104 inaequali

1083 2112 1155 2144 Suis
1182 2123 1200 2144 a
1227 2113 1415 2145 tortoribus.

1038 2207 1139 2243 Dedit
1164 2210 1222 2241 illa
1248 2220 1334 2242 mors
1362 2220 1518 2252 perpessa

1037 2259 1144 2291 Vitam
1171 2268 1291 2299 veram,
1317 2264 1351 2292 ut
1380 2270 1533 2292 concessa

1084 2308 1263 2341 Declarant
1288 2309 1455 2344 miracula.

1037 2404 1170 2447 Dicunt,
1183 2407 1400 2449 claudiaeque
1407 2413 1554 2449 currunt,

1035 2456 1233 2488 Resuscitati
1260 2458 1434 2490 concinunt

1082 2505 1267 2547 Mortuique
1292 2506 1452 2541 Alleluia.
