1654 2756
715 158 980 195 ..144-

212 259 273 291 Sa.
303 257 441 289 Summis
467 256 736 289 intercessoribus

303 314 410 337 secum
436 305 662 345 multiplicatis

299 362 361 384 non
389 357 436 385 est
463 352 633 385 fraudatus

301 412 318 432 a
346 401 543 440 quibuslibet

301 449 482 482 desideriis.

213 530 272 560 ua.
302 526 383 564 Quin
412 527 507 558 eliani

301 574 367 614 regi
395 573 593 607 Francorum

301 622 417 654 Carolo
444 632 539 655 orans

300 671 425 702 veniam
452 671 639 711 impetravit
666 670 774 702 datam

301 729 319 750 a
345 718 494 759 Domino,

194 797 274 829 lOa.
302 795 447 835 Denique

300 844 448 875 iuventus
473 843 594 883 absque
622 843 697 874 dolo
724 846 755 873 et

301 891 436 933 macula,

301 948 399 979 regna
425 939 595 979 possidens

301 996 369 1018 cum
397 987 490 1019 iustis
516 986 705 1026 aeternalia,

910 257 970 293 Sb.
995 257 1032 299 Ο,
1059 265 1153 297 quem
1179 257 1284 288 solum
1307 255 1338 287 in
1359 252 1517 295 vepribus

998 304 1197 337 habitantem
1224 308 1254 336 et
1283 303 1388 336 dumis

997 353 1137 385 triennio

994 401 1137 434 lactabat
1161 409 1258 434 cerva

999 450 1069 482 vice
1093 449 1251 481 nutricis!

909 527 970 560 §³b.
1000 528 1079 560 Cum
1107 525 1224 558 secreti

998 574 1159 606 commissi
1187 573 1292 605 tristis

997 622 1199 662 perpetratio

997 670 1174 710 imponitur
1201 668 1325 708 scripta
1353 666 1449 700 altari

998 718 1038 749 ab
1065 717 1190 758 angele.

886 796 929 828 10
946 794 976 825 b.
1006 794 1138 826 Liberet

997 851 1056 873 nos
1084 842 1123 873 de
1149 839 1360 871 tribulatione

1000 890 1091 921 varia

1000 938 1114 978 patriS,
1144 935 1203 968 filii

1000 990 1031 1017 ct
1059 985 1194 1026 spiritns
1220 983 1323 1016 sancti
1351 983 1466 1025 gratia.

257 1063 340 1090 Miss.
369 1073 421 1089 ins.
451 1066 690 1099 Aquisgranense
719 1070 795 1089 saec.
827 1060 870 1089 11.
913 1063 976 1090 Cod
1015 1062 1149 1089 Archivii
1180 1061 1333 1088 colonien.
1361 1058 1426 1087 270.
1452 1059 1522 1086 add.

179 1112 255 1129 sumu
280 1102 324 1128 125.
346 1116 381 1120 —
405 1103 460 1129 Mit
482 1103 620 1129 Molodiv.
644 1118 678 1121 —-
701 1099 751 1132 621,
767 1099 785 1127 5
807 1109 900 1128 sacra.
916 1117 952 1121 —
968 1101 1208 1128 Beachtenswert
1230 1100 1269 1125 ist
1290 1098 1338 1125 die
1355 1100 1520 1126 Assonanz.

632 1194 693 1224 152.
726 1194 768 1224 De
790 1196 900 1225 sancto
922 1193 1064 1233 Aegidio.

544 1276 574 1307 1.
604 1275 712 1306 Sancti
739 1274 856 1306 merita
881 1275 1012 1315 Aegidii
1038 1273 1160 1314 inclita,

186 1354 246 1384 211.
276 1351 446 1384 verendae
474 1352 656 1383 sanctitatis

280 1408 317 1431 ac
344 1400 571 1432 monachorum
600 1399 769 1439 praesulis,

191 1479 254 1511 3a.
283 1477 419 1509 sedulas
446 1477 559 1509 laudes

282 1533 406 1565 quoque
432 1534 560 1565 semper
588 1523 727 1556 feramus

193 1605 255 1636 4a.
284 1602 375 1633 Illius
402 1607 532 1634 exortus
559 1606 605 1633 est
632 1601 746 1633 ductus

284 1660 322 1682 ex
351 1649 449 1682 nobili
476 1659 611 1691 genereg

189 1730 248 1760 Sa.
277 1728 313 1759 In
340 1726 404 1759 fide
437 1727 722 1759 christianissimus

277 1780 323 1807 est
349 1776 460 1807 dictus
486 1776 541 1807 ille
567 1775 712 1816 genitor3

191 1855 250 1886 Ga.
280 1852 480 1885 Athenarum
510 1853 623 1884 civitas

280 1901 394 1933 docilis
420 1900 502 1933 fovit
527 1900 638 1943 filium,

194 1980 254 2011 7a.
283 1978 482 2018 Disciplinae
508 1978 722 2019 mancipatus,

279 2026 419 2067 puerilia

284 2079 520 2118 transcurrens,
547 2073 719 2106 subtilibus

280 2123 415 2157 studuit.

191 2201 251 2234 Sa.
281 2200 418 2232 Iuvenili
445 2204 551 2232 aetate
577 2203 698 2232 stratus

278 2249 484 2289 pneumatica

279 2296 476 2330 informatur
503 2297 662 2335 doctrina,

190 2376 250 2410 93.
280 2375 389 2408 Crevit
415 2376 546 2418 virtute,

282 2424 356 2456 dum
384 2424 556 2457 iuvenilem
586 2423 677 2456 duxit

279 2476 429 2506 aetatem.

885 1351 945 1384 2b.
978 1351 1039 1382 Pro
1069 1359 1164 1389 posse
1190 1354 1287 1389 atque
1313 1358 1407 1381 nosse

974 1408 1095 1439 organa
1121 1403 1231 1430 nostra
1258 1402 1466 1438 concrepent.

885 1477 943 1510 3b.
969 1477 1074 1508 Tanto
1099 1480 1236 1516 patrono

973 1534 1011 1557 ac
1038 1525 1134 1565 digno
1160 1523 1336 1558 sacerdoti.

886 1602 945 1635 4b.
973 1603 1077 1633 Huius
1104 1605 1197 1642 pater
1224 1600 1315 1633 fulsit
1342 1603 1472 1640 virtute,

975 1650 1164 1682 Theodorus
1191 1650 1330 1682 nomine.

885 1727 944 1761 5b.
973 1728 1056 1759 Hinc
1084 1727 1230 1768 genetrix
1256 1726 1324 1758 eius
1351 1730 1498 1760 noscitur

975 1779 1004 1807 et
1031 1776 1162 1816 Pelagia
1188 1775 1330 1808 humilis.

887 1853 947 1886 Gb.
977 1853 1026 1885 De
1053 1863 1115 1893 quo
1140 1854 1260 1894 gaudet
1286 1858 1462 1896 sanctaque

975 1901 1092 1934 iubilat
1118 1911 1203 1934 nunc
1231 1903 1379 1936 ecclesia.

891 1979 948 2011 Tb.
977 1979 1159 2012 Collaetare
1187 1980 1432 2025 condignanter,

977 2027 1102 2060 Graeca
1129 2029 1226 2069 natio,

977 2086 1058 2116 quae
1083 2078 1295 2117 comportasti
1321 2079 1419 2111 talem

977 2130 1006 2156 et
1033 2130 1167 2159 tantum.

889 2200 949 2234 Sb.
979 2202 1021 2234 Ut
1037 2203 1285 2242 conmagistrum
1302 2208 1333 2236 et
1349 2205 1514 2239 doctorem

978 2259 1143 2289 pusionem

977 2307 1085 2330 omnes
1112 2299 1232 2331 scirent
1257 2300 1381 2335 imbuti.

891 2374 951 2409 9b.
979 2375 1135 2408 Tunicam
1163 2377 1255 2409 dedit

978 2425 1114 2466 pauperi
1139 2424 1283 2458 obvianti

980 2481 1092 2512 puero.
