1654 2756
171 241 234 275 2a.

178 418 238 450 3a.

172 595 234 626 4a.

174 770 238 801 5a.

174 945 236 978 6a.

174 1120 234 1152 va.

171 1295 232 1328 8a.

172 1473 232 1504 9a.

148 1646 232 1680 loa.

691 146 929 183 *89-

262 242 355 275 Haec
380 247 432 276 est
457 253 535 278 arca
558 245 747 278 testamenti

260 291 384 325 Manna
417 302 552 326 servans
580 294 781 335 nutrimenti,

310 342 403 381 Quod
433 342 604 376 descendit
626 343 781 381 caelitus;

266 418 464 459 Inexpertae
492 420 651 451 castitatis
714 459 718 462 ι

263 466 398 500 Necnon
426 471 458 499 et
486 467 679 499 humilitatis

310 515 437 556 sponso
465 516 521 548 dat
547 516 678 558 exenia3

263 593 440 626 Paradisus
467 594 625 633 aperitur.v

260 641 305 673 Et
330 642 533 682 proscriptus
561 641 735 674 investitur

311 689 463 723 Uranicis
491 690 626 732 inuniis3

267 768 528 808 Chirographum
555 768 591 800 fit
619 768 771 801 deletum.

263 817 338 849 Leti
364 817 435 849 vice
465 817 501 849 fit
529 817 693 850 decretum

312 865 436 898 Iudicis
463 866 641 907 sententia3

265 944 367 976 Offert
393 945 513 976 nostris
540 954 600 984 pro
626 945 771 992 peccatis

262 993 301 1025 In
327 993 459 1025 odorem
487 993 657 1024 suavitatis

310 1041 465 1082 Corporis
495 1041 666 1082 primitias,

264 1119 409 1151 Psallant
435 1128 512 1160 ergo
540 1119 652 1151 laudes
680 1119 764 1159 grati

263 1167 496 1200 Sacrosanetae
522 1168 694 1207 maiestati,

309 1218 395 1256 Quos
423 1217 591 1256 praevenit
619 1217 727 1256 gratia

258 1294 385 1334 Honor,
415 1293 512 1327 decus
538 1295 582 1326 sit
608 1297 640 1325 et
665 1293 763 1334 patri.

259 1343 319 1382 Qui
345 1344 385 1374 de
413 1347 515 1375 morte
541 1346 645 1375 morte
672 1344 740 1374 nati

307 1392 409 1424 Natos
436 1392 636 1431 revivificat3

262 1469 387 1512 Gaude,
416 1474 521 1502 mater
546 1470 730 1510 singularis,

259 1519 319 1551 Cui
346 1521 433 1551 totus
460 1518 666 1560 triumphalis

311 1568 439 1599 Titulus
466 1567 652 1607 ascribitur,

260 1646 298 1679 In
324 1650 489 1678 extremae
514 1646 600 1678 vitae
628 1646 721 1686 pirgo

259 1695 420 1728 Miserere
448 1695 563 1736 nostri,
590 1694 692 1736 virgo,

307 1744 449 1784 Iungens
480 1753 538 1776 nos
571 1743 777 1782 caelestibus,

877 245 938 280 ab.

878 420 939 454 3b.

879 594 938 628 4b.

966 246 1075 286 Petra,
1103 245 1143 277 de
1170 253 1233 285 qua
1255 243 1380 276 sitienti

967 294 1082 327 Dulcis
1107 303 1191 334 aqua
1219 293 1315 325 datur
1343 292 1443 334 genti,

1013 345 1101 384 Quae
1128 345 1231 374 scatet
1258 341 1426 374 divinitus.

965 421 1027 454 His
1054 421 1191 452 allectus
1218 419 1253 451 fit
1279 419 1428 458 dilectus,

965 469 1009 501 Et
1036 468 1177 500 adflictis
1205 478 1263 509 pro
1290 467 1420 500 delictis

1014 517 1140 556 Culpae
1168 518 1264 549 datur
1291 517 1394 548 venia.

968 594 1086 626 Contra
1114 595 1229 626 sathan
1258 595 1444 633 disputatur

965 643 1009 676 Et
1035 646 1149 682 aperte
1175 641 1362 674 confutatur

1015 691 1120 731 Super
1147 691 1212 722 suis
1240 690 1374 725 naeniis,

876 769 935 803 5b.
962 769 1091 802 Exhinc
1117 769 1206 801 vadit
1234 768 1404 807 immolari,

879 945 940 978 6b.

878 1119 933 1152 71).

877 1294 937 1327 8b.

875 1470 936 1504 9b.

967 821 1056 856 Quae
1083 828 1145 850 non
1173 818 1263 849 novit
1289 817 1460 849 novercari

1015 867 1121 907 Filiis,
1149 866 1330 898 clementia.

969 946 1012 978 Et
1038 945 1192 977 scelestos
1219 943 1407 984 angelorum

966 994 1015 1026 De
1042 993 1206 1034 profundo
1234 993 1384 1024 vitiorum

1013 1042 1083 1073 Ciet
1110 1041 1153 1073 ad
1181 1041 1325 1072 delicias.

964 1120 1006 1152 Et
1032 1129 1050 1151 a
1077 1119 1194 1150 sathan
1221 1118 1377 1149 servitute

968 1167 1138 1200 Liberatos
1166 1166 1249 1198 caeli
1274 1170 1343 1198 tute

1014 1216 1117 1248 Locat
1141 1215 1174 1246 in
1201 1216 1335 1255 palatia.

965 1294 1014 1326 Sit
1041 1299 1073 1326 et
1100 1294 1174 1326 Iesu
1199 1293 1405 1334 symphonia,

965 1343 1063 1376 Cuius
1091 1342 1209 1373 victrix
1236 1341 1351 1382 agonia

1012 1391 1131 1423 Enesis
1158 1390 1330 1431 tripudiat.

965 1470 1046 1510 Quia
1074 1478 1180 1509 regem
1208 1469 1299 1509 virgo
1328 1469 1427 1508 paris,

966 1519 1024 1552 Cui
1053 1519 1145 1555 carli,
1171 1522 1289 1556 terrae,
1317 1518 1415 1549 maris

1012 1567 1167 1599 Machina
1195 1565 1364 1601 subicitur,

854 1645 938 1679 lob.
967 1645 1031 1679 Ubi
1059 1646 1174 1685 patriS,
1202 1644 1257 1676 ubi
1285 1645 1352 1676 nati

963 1694 1215 1734 Pneumatisque
1241 1693 1442 1733 praesentati

1011 1743 1175 1775 Fruamur
1200 1742 1397 1782 aspectibus.

219 1811 342 1840 Collect.
364 1820 418 1839 ms.
441 1811 471 1839 S.
487 1811 602 1840 Mariae
624 1813 655 1838 in
671 1811 907 1847 Ruomerstorph
931 1820 1008 1839 saec.
1026 1809 1070 1838 13.
1103 1810 1174 1838 (jud.
1198 1810 1405 1838 Vindobonen.
1422 1807 1487 1837 963.

145 1850 211 1878 add.
234 1859 311 1879 saec.
327 1848 374 1879 13.
395 1867 432 1871 —
454 1851 513 1878 Mit
532 1851 673 1879 Melodie.
695 1865 731 1868 —
755 1848 808 1884 Ga,
826 1849 839 1878 1
862 1846 951 1878 Offer.
973 1865 1009 1870 ——
1031 1848 1087 1881 81),
1101 1848 1119 1877 3
1141 1847 1250 1877 Enosis
1272 1862 1309 1870 =
1331 1851 1461 1880 (ιῖἰέσις.

604 1956 646 1988 81.
678 1955 720 1988 De
742 1956 841 1987 Beata
864 1955 967 1987 Maria
989 1955 1024 1986 V.

149 2031 164 2063 1
180 2039 208 2064 a.
237 2029 438 2062 Veneremur
457 2039 611 2061 summam
631 2032 778 2071 matrem,

235 2079 324 2119 Quae
347 2078 456 2120 genuit
474 2087 632 2111 summum
652 2082 778 2118 patrem

285 2128 361 2160 Sine
389 2128 496 2160 carnis
522 2128 645 2160 semine
655 2138 663 2170 ς

148 2209 208 2242 2a.
234 2208 316 2247 Ave,
344 2216 418 2239 rosa
443 2206 612 2248 spiritalis,

144 2387 207 2419 3a.
235 2386 285 2418 Tu
312 2385 466 2418 emendas
493 2393 604 2417 omnes
631 2382 778 2422 mendas,

232 2434 283 2467 Tu
309 2434 351 2466 ad
378 2442 455 2466 oves
482 2432 691 2465 redimendas

234 2256 334 2290 Cuius
361 2255 488 2288 fructus
513 2255 683 2296 virginalis

281 2305 399 2338 Edidit
425 2305 592 2346 solacium,

283 2483 445 2524 Pepen'sti
473 2481 595 2523 filium3

846 2028 905 2063 lb.
933 2027 1031 2060 Cuius
1064 2027 1188 2060 fruetus
1216 2026 1335 2057 malum
1361 2025 1454 2066 lavit,

941 2077 1033 2117 Quod
1053 2085 1112 2117 per
1127 2076 1267 2108 fructum
1282 2075 1486 2114 perpetravit

988 2126 1096 2158 Adam
1124 2128 1235 2166 gustus
1261 2123 1405 2156 crimine.

851 2206 915 2239 2b.
944 2206 1042 2237 Ovem
1071 2205 1260 2244 lapsamque
1288 2202 1429 2237 reduxit,

941 2253 1054 2285 Hostis
1082 2255 1175 2284 vetus
1201 2261 1298 2291 quam
1324 2251 1457 2283 seduxit

991 2303 1054 2335 Per
1081 2301 1146 2332 doli
1174 2300 1356 2332 consilium.

851 2381 914 2415 3b.
943 2381 1062 2412 Sancta
1088 2381 1234 2410 sanctum
1262 2378 1462 2419 germinasti,

943 2428 1164 2461 Germinando
1188 2437 1251 2460 non
1279 2427 1432 2468 peccasti,

990 2479 1081 2510 Inter
1107 2477 1218 2518 spinas
1245 2476 1358 2511 lilium.
