1654 2756
713 149 979 184 -105—

181 243 244 274 4a.
271 241 297 275 O
324 243 467 283 gloriosa
495 244 626 276 domina
890 247 952 282 4b.
982 249 1030 280 Ne
1058 257 1115 280 nos
1141 257 1201 288 pro
1229 250 1339 279 nostro
1366 246 1445 279 vitio

268 290 313 322 Et
339 292 528 334 angelorum
557 294 679 334 regina,
974 296 1129 328 Dimittat
1155 297 1186 328 in
1214 296 1385 336 supplicio,

319 340 461 373 Precare
488 345 576 374 tuum
602 342 714 383 filium,
1020 345 1085 377 Sed
1112 345 1176 377 tuis
1202 345 1324 378 sanctis
1351 343 1504 386 precibus

320 389 381 428 Qui
407 390 495 422 salus
522 394 572 422 est
599 390 777 432 humilium,
1021 392 1517 426 Mundemurcunctissordibus.

250 464 333 493 Orat.
355 469 385 494 et
405 466 545 503 Sequent.
568 477 620 494 ms.
644 468 809 505 campense
833 470 903 496 anni
927 466 1009 496 1462.
1052 469 1123 497 Cod.
1148 469 1369 497 Darmstadien.
1393 467 1458 497 521.
1481 484 1517 488 —

169 500 222 537 2³,
231 500 250 530 3
260 503 306 532 Tu
318 504 504 533 auxiliatrix.
515 521 550 525 —
562 506 597 534 In
611 506 664 533 der
673 506 871 535 Haudschrift
880 508 924 535 als
939 507 998 542 „Se
1006 518 1024 544 q
1032 517 1051 536 u
1059 518 1073 536 e
1082 517 1101 534 n
1109 511 1120 535 t
1128 509 1137 535 i
1145 508 1180 535 a“
1194 508 1389 543 verzeichnet,
1403 508 1519 536 scheint

170 543 246 570 aber
269 544 318 571 ein
339 545 516 580 Reimgebet
536 554 572 572 zu
593 546 668 572 sein.

632 638 692 670 103.
726 639 769 670 De
791 639 892 670 Beata
915 639 1015 670 Maria
1037 640 1072 671 V.

590 721 618 753 l.
646 720 728 762 Ave,
760 721 848 761 virgo
875 721 1045 762 virginum,

649 770 728 807 Ave,
757 769 864 802 lumen
891 770 1058 811 luminum,

693 820 775 859 Ave,
803 819 900 858 plena
924 820 1042 859 gratia.

179 896 240 927 2a.
271 895 350 936 Ave,
380 894 468 927 salus
495 895 670 935 hominum,
887 895 945 930 2b.
975 898 1056 939 Ave,
1085 900 1230 928 nostrum
1258 897 1421 937 gaudium,

269 943 409 976 Portans
437 953 544 984 regem
572 943 756 986 Dominum,
973 945 1055 985 Ave,
1083 954 1158 984 spes
1186 945 1398 988 credentium,

315 992 400 1031 Ave,
428 993 524 1025 stella
550 993 693 1034 praevia.
1021 994 1232 1026 Peccatorum
1259 995 1364 1028 venia.

181 1070 242 1103 3a.
271 1072 352 1107 Ave,
383 1078 465 1103 vena
492 1071 614 1107 veniae,
885 1069 939 1103 δὲ).
969 1071 1050 1112 Ave,
1081 1074 1175 1110 porta
1202 1071 1334 1112 gloriae,

267 1118 349 1157 Ave,
378 1121 481 1150 mater
507 1119 641 1159 gratiae,
974 1119 1039 1151 Ros
1065 1119 1322 1157 misericordiae,

314 1166 467 1198 Hostium
495 1165 642 1199 victoria.
1020 1169 1102 1208 Ave,
1132 1166 1258 1200 fraudis
1285 1169 1404 1201 nescia.

177 1246 236 1277 4a.
264 1245 347 1284 Ave,
373 1244 485 1276 mundi
512 1244 626 1286 gloria,
882 1245 944 1278 4b.
972 1245 1055 1283 Ave,
1084 1245 1176 1285 virgo
1204 1245 1353 1286 celebris,

268 1292 461 1325 Sanctorum
489 1293 632 1335 laetitia3
969 1293 1039 1325 Lux
1068 1294 1179 1326 lucens
1205 1295 1238 1326 in
1266 1295 1429 1336 tenebris3

312 1343 393 1384 Ave,
422 1351 481 1382 per
511 1351 605 1382 quam
633 1343 786 1382 gaudium
1016 1344 1098 1381 Ave,
1128 1342 1235 1374 lumen
1263 1344 1420 1381 cordium,

313 1390 491 1435 Speramus
519 1390 720 1424 caelestium.
1017 1392 1099 1429 Ave,
1128 1392 1270 1424 candens
1296 1392 1412 1426 lilium.

177 1471 236 1502 5a.
267 1471 347 1511 Ave,
376 1469 440 1511 pia,
880 1469 940 1503 5b.
968 1471 1049 1508 Ave,
1077 1478 1206 1510 parens,

262 1518 344 1556 Ave,
372 1518 434 1557 via,
966 1517 1056 1550 Labe
1083 1526 1207 1557 carens,

312 1567 395 1607 Ave,
424 1566 509 1605 vitis,
1016 1567 1097 1608 Ave,
1126 1577 1211 1606 rosa,

310 1615 393 1656 Ave,
421 1615 518 1655 mitis,
1017 1615 1180 1657 Speciosa,

359 1666 441 1701 Ave,
470 1664 671 1697 suavissima.
1065 1666 1135 1697 Ave
1162 1664 1440 1705 splendidissima.

173 1746 235 1777 6a.
263 1744 345 1784 Ave,
374 1744 465 1783 virgo
491 1742 676 1784 singularis,
879 1743 942 1777 6b.
970 1743 1052 1782 Ave,
1081 1746 1198 1784 mater,
1226 1744 1281 1775 lux
1308 1743 1434 1784 solaris,

264 1795 345 1833 Ave,
373 1791 470 1824 stella
496 1792 585 1824 clara
613 1793 724 1834 maris,
966 1793 1048 1833 Ave,
1077 1801 1159 1833 quae
1186 1796 1320 1825 cunctos
1347 1791 1466 1824 solaris

311 1842 393 1884 Ave,
423 1849 538 1873 carens
564 1841 674 1874 simili.
1015 1842 1087 1874 Hoc
1114 1841 1146 1873 in
1175 1841 1295 1874 mundo
1323 1840 1435 1873 flebili.

173 1921 235 1954 va.
263 1920 346 1959 Ave,
376 1920 474 1952 decus
501 1919 700 1961 angelorum,
880 1921 941 1954 7b.
970 1921 1050 1962 Ave,
1080 1920 1182 1962 virgo⁷
1211 1919 1283 1952 fons
1311 1920 1490 1961 hortorum,

259 1970 342 2009 Ave,
370 1968 459 2001 salus
485 1969 688 2012 miserorum,
969 1969 1175 2002 Consolatrix
1205 1970 1408 2009 miserorum,

309 2019 392 2058 Ave,
420 2025 480 2058 per
507 2019 595 2050 cuius
622 2017 724 2050 filium
1015 2019 1098 2057 Ave,
1127 2022 1272 2050 nostrum
1300 2016 1471 2059 refugium,

308 2067 415 2099 Datur
440 2067 562 2099 mundo
587 2068 777 2100 remedium.
1022 2068 1124 2100 Plena
1152 2066 1308 2099 bonorum
1335 2067 1487 2098 omnium.

172 2148 233 2182 8a.
261 2147 344 2186 Ave,
375 2146 474 2178 decus
502 2145 662 2178 castitatis
879 2146 940 2179 8b.
968 2147 1050 2188 Ave,
1080 2145 1235 2186 ternplum
1263 2144 1427 2184 puritatis,

259 2196 343 2234 Ave,
371 2198 476 2227 mater
501 2194 646 2235 pietatis,
966 2196 1049 2231 Ave,
1078 2194 1166 2225 scala
1193 2193 1363 2234 claritatis,

307 2245 380 2277 Ave
406 2243 529 2276 munda
1018 2243 1083 2275 Ora
1109 2246 1232 2282 natum,

306 2294 349 2326 Et
377 2293 530 2333 fecunda,
1018 2292 1062 2325 Ut
1090 2295 1236 2330 optatum

355 2345 439 2384 Ave,
467 2342 523 2374 lux
551 2341 752 2375 caelestium.
1066 2339 1168 2372 Nobis
1197 2340 1295 2372 donet
1322 2340 1513 2380 praemium.

236 2419 375 2448 Oration.
403 2423 433 2449 et
458 2420 599 2457 Sequent.
621 2429 675 2448 ms.
699 2419 865 2455 Campense
887 2418 958 2446 anni
982 2415 1065 2444 1462.
1107 2416 1177 2444 Cod.
1200 2418 1422 2447 Darmstadien.
1447 2417 1514 2448 521.

156 2461 192 2489 A.
212 2476 251 2481 —-
273 2459 363 2488 Grad.
388 2469 441 2488 ms.
464 2458 710 2493 cisterciensem)
730 2467 808 2487 saec.
833 2456 877 2485 15.
920 2456 991 2484 Cod.
1015 2455 1228 2484 Carolsmhan.
1252 2457 1288 2486 U.
1312 2458 1349 2485 H.
1375 2458 1398 2486 l.
1422 2460 1455 2488 B.
1477 2474 1514 2478 —

155 2499 211 2534 ssb,
233 2497 252 2528 2
273 2507 351 2536 quae
373 2502 478 2528 cantus
499 2500 534 2532 A,
557 2507 635 2536 quae
656 2501 774 2527 tantum
797 2498 831 2525 B.
854 2511 891 2516 —
912 2494 964 2529 73,
987 2495 1004 2523 3
1027 2505 1079 2532 per
1099 2498 1183 2524 tuum
1206 2497 1238 2524 B.
