<?xml version="1.0" encoding="UTF-8"?>
<!DOCTYPE html PUBLIC "-//W3C//DTD XHTML 1.0 Transitional//EN"
    "http://www.w3.org/TR/xhtml1/DTD/xhtml1-transitional.dtd">
<html xmlns="http://www.w3.org/1999/xhtml" xml:lang="en" lang="en">
 <head>
  <title>
</title>
<meta http-equiv="Content-Type" content="text/html;charset=utf-8" />
  <meta name='ocr-system' content='tesseract 3.04.00' />
  <meta name='ocr-capabilities' content='ocr_page ocr_carea ocr_par ocr_line ocrx_word'/>
</head>
<body>
  <div class='ocr_page' id='page_1' title='image "./analectahymnica42drevuoft_0081.png"; bbox 0 0 1654 2756; ppageno 0'>
   <div class='ocr_carea' id='block_1_1' title="bbox 191 225 672 545">
    <p class='ocr_par' dir='ltr' id='par_1_1' title="bbox 191 225 672 545">
     <span class='ocr_line' id='line_1_1' title="bbox 191 225 547 266; baseline -0.008 -6"><span class='ocrx_word' id='word_1_1' title='bbox 191 227 251 261; x_wconf 76' lang='grc'><strong>48.</strong></span> <span class='ocrx_word' id='word_1_2' title='bbox 279 227 359 260; x_wconf 90' lang='lat' dir='ltr'><strong>Cum</strong></span> <span class='ocrx_word' id='word_1_3' title='bbox 385 225 547 266; x_wconf 49' lang='lat' dir='ltr'><strong>laudibus</strong></span> 
     </span>
     <span class='ocr_line' id='line_1_2' title="bbox 325 273 672 314; baseline -0.006 -8"><span class='ocrx_word' id='word_1_4' title='bbox 325 274 453 314; x_wconf 79' lang='lat' dir='ltr'>hymnis</span> <span class='ocrx_word' id='word_1_5' title='bbox 480 277 512 305; x_wconf 88' lang='lat' dir='ltr'><strong>et</strong></span> <span class='ocrx_word' id='word_1_6' title='bbox 537 273 672 306; x_wconf 84' lang='lat' dir='ltr'><strong>canticis</strong></span> 
     </span>
     <span class='ocr_line' id='line_1_3' title="bbox 274 322 502 355; baseline -0.009 0"><span class='ocrx_word' id='word_1_7' title='bbox 274 322 327 355; x_wconf 89' lang='lat' dir='ltr'><strong>Ab</strong></span> <span class='ocrx_word' id='word_1_8' title='bbox 355 322 502 355; x_wconf 92' lang='lat' dir='ltr'><strong>omnibus</strong></span> 
     </span>
     <span class='ocr_line' id='line_1_4' title="bbox 324 369 594 409; baseline -0.004 -8"><span class='ocrx_word' id='word_1_9' title='bbox 324 371 381 402; x_wconf 87' lang='lat' dir='ltr'><strong>illa</strong></span> <span class='ocrx_word' id='word_1_10' title='bbox 408 369 594 409; x_wconf 84' lang='lat' dir='ltr'><strong>suscipitur,</strong></span> 
     </span>
     <span class='ocr_line' id='line_1_5' title="bbox 278 417 636 458; baseline -0.006 -8"><span class='ocrx_word' id='word_1_11' title='bbox 278 419 378 457; x_wconf 85' lang='lat' dir='ltr'><strong>Quam</strong></span> <span class='ocrx_word' id='word_1_12' title='bbox 406 426 484 458; x_wconf 87' lang='lat' dir='ltr'><strong>prae</strong></span> <span class='ocrx_word' id='word_1_13' title='bbox 511 417 636 450; x_wconf 88' lang='lat' dir='ltr'><strong>cunctis</strong></span> 
     </span>
     <span class='ocr_line' id='line_1_6' title="bbox 325 465 606 497; baseline -0.004 0"><span class='ocrx_word' id='word_1_14' title='bbox 325 466 391 497; x_wconf 90' lang='lat' dir='ltr'><strong>suis</strong></span> <span class='ocrx_word' id='word_1_15' title='bbox 420 465 606 497; x_wconf 79' lang='lat' dir='ltr'>domesticis</span> 
     </span>
     <span class='ocr_line' id='line_1_7' title="bbox 277 514 413 545; baseline -0.007 0"><span class='ocrx_word' id='word_1_16' title='bbox 277 514 413 545; x_wconf 87' lang='lat' dir='ltr'><strong>Suavius</strong></span> 
     </span>
    </p>
   </div>
   <div class='ocr_carea' id='block_1_2' title="bbox 328 562 721 602">
    <p class='ocr_par' dir='ltr' id='par_1_2' title="bbox 328 562 721 602">
     <span class='ocr_line' id='line_1_8' title="bbox 328 562 721 602; baseline 0.005 -9"><span class='ocrx_word' id='word_1_17' title='bbox 328 562 477 594; x_wconf 84' lang='lat' dir='ltr'><strong>Christus</strong></span> <span class='ocrx_word' id='word_1_18' title='bbox 503 562 721 602; x_wconf 81' lang='lat' dir='ltr'>amplectitur.</span> 
     </span>
    </p>
   </div>
   <div class='ocr_carea' id='block_1_3' title="bbox 192 654 685 1638">
    <p class='ocr_par' dir='ltr' id='par_1_3' title="bbox 192 654 460 688">
     <span class='ocr_line' id='line_1_9' title="bbox 192 654 460 688; baseline -0.007 -2"><span class='ocrx_word' id='word_1_19' title='bbox 192 656 252 688; x_wconf 86' lang='lat' dir='ltr'><strong>5a.</strong></span> <span class='ocrx_word' id='word_1_20' title='bbox 281 654 460 686; x_wconf 89' lang='lat' dir='ltr'><strong>Immortali</strong></span> 
     </span>
    </p>

    <p class='ocr_par' dir='ltr' id='par_1_4' title="bbox 282 702 651 789">
     <span class='ocr_line' id='line_1_10' title="bbox 328 702 651 742; baseline 0.003 -10"><span class='ocrx_word' id='word_1_21' title='bbox 328 702 474 733; x_wconf 86' lang='lat' dir='ltr'><strong>mortalis</strong></span> <span class='ocrx_word' id='word_1_22' title='bbox 500 702 651 742; x_wconf 80' lang='lat' dir='ltr'><strong>iungitur,</strong></span> 
     </span>
     <span class='ocr_line' id='line_1_11' title="bbox 282 750 518 789; baseline -0.008 -7"><span class='ocrx_word' id='word_1_23' title='bbox 282 752 351 783; x_wconf 88' lang='lat' dir='ltr'><strong>Ima</strong></span> <span class='ocrx_word' id='word_1_24' title='bbox 377 750 518 789; x_wconf 88' lang='lat' dir='ltr'><strong>summis,</strong></span> 
     </span>
    </p>

    <p class='ocr_par' dir='ltr' id='par_1_5' title="bbox 280 798 624 879">
     <span class='ocr_line' id='line_1_12' title="bbox 327 798 624 837; baseline -0.003 -8"><span class='ocrx_word' id='word_1_25' title='bbox 327 804 456 829; x_wconf 85' lang='lat' dir='ltr'><strong>terrena</strong></span> <span class='ocrx_word' id='word_1_26' title='bbox 483 798 624 837; x_wconf 89' lang='lat' dir='ltr'><strong>caelicis,</strong></span> 
     </span>
     <span class='ocr_line' id='line_1_13' title="bbox 280 846 491 879; baseline -0.009 0"><span class='ocrx_word' id='word_1_27' title='bbox 280 847 375 879; x_wconf 85' lang='lat' dir='ltr'>Unde</span> <span class='ocrx_word' id='word_1_28' title='bbox 399 846 491 877; x_wconf 91' lang='lat' dir='ltr'><strong>nobis</strong></span> 
     </span>
    </p>

    <p class='ocr_par' dir='ltr' id='par_1_6' title="bbox 281 893 685 974">
     <span class='ocr_line' id='line_1_14' title="bbox 328 893 685 935; baseline 0 -10"><span class='ocrx_word' id='word_1_29' title='bbox 328 903 402 935; x_wconf 88' lang='lat' dir='ltr'><strong>spes</strong></span> <span class='ocrx_word' id='word_1_30' title='bbox 429 898 517 926; x_wconf 84' lang='lat' dir='ltr'><strong>certa</strong></span> <span class='ocrx_word' id='word_1_31' title='bbox 543 893 685 926; x_wconf 86' lang='lat' dir='ltr'><strong>traditur</strong></span> 
     </span>
     <span class='ocr_line' id='line_1_15' title="bbox 281 941 475 974; baseline -0.005 0"><span class='ocrx_word' id='word_1_32' title='bbox 281 941 475 974; x_wconf 81' lang='lat' dir='ltr'><strong>Perfmcndi</strong></span> 
     </span>
    </p>

    <p class='ocr_par' dir='ltr' id='par_1_7' title="bbox 195 990 620 1116">
     <span class='ocr_line' id='line_1_16' title="bbox 329 990 620 1030; baseline 0.01 -9"><span class='ocrx_word' id='word_1_33' title='bbox 329 992 436 1030; x_wconf 88' lang='lat' dir='ltr'><strong>regnis</strong></span> <span class='ocrx_word' id='word_1_34' title='bbox 463 990 620 1030; x_wconf 84' lang='lat' dir='ltr'><strong>pacificis.</strong></span> 
     </span>
     <span class='ocr_line' id='line_1_17' title="bbox 195 1082 494 1116; baseline -0.007 0"><span class='ocrx_word' id='word_1_35' title='bbox 195 1085 254 1116; x_wconf 72' lang='lat'><strong>62.</strong></span> <span class='ocrx_word' id='word_1_36' title='bbox 282 1082 372 1114; x_wconf 80' lang='lat' dir='ltr'><strong>Haec</strong></span> <span class='ocrx_word' id='word_1_37' title='bbox 398 1083 494 1114; x_wconf 88' lang='lat' dir='ltr'><strong>hodie</strong></span> 
     </span>
    </p>

    <p class='ocr_par' dir='ltr' id='par_1_8' title="bbox 283 1130 656 1217">
     <span class='ocr_line' id='line_1_18' title="bbox 330 1130 656 1170; baseline 0.003 -9"><span class='ocrx_word' id='word_1_38' title='bbox 330 1130 447 1170; x_wconf 78' lang='lat' dir='ltr'><strong>migrat</strong></span> <span class='ocrx_word' id='word_1_39' title='bbox 471 1140 491 1162; x_wconf 83' lang='lat' dir='ltr'><strong>a</strong></span> <span class='ocrx_word' id='word_1_40' title='bbox 516 1131 656 1168; x_wconf 83' lang='lat' dir='ltr'><strong>saeculo,</strong></span> 
     </span>
     <span class='ocr_line' id='line_1_19' title="bbox 283 1179 547 1217; baseline -0.008 -7"><span class='ocrx_word' id='word_1_41' title='bbox 283 1179 384 1217; x_wconf 77' lang='lat' dir='ltr'><strong>Quum</strong></span> <span class='ocrx_word' id='word_1_42' title='bbox 411 1179 547 1209; x_wconf 88' lang='lat' dir='ltr'><strong>collocat</strong></span> 
     </span>
    </p>

    <p class='ocr_par' dir='ltr' id='par_1_9' title="bbox 333 1226 633 1269">
     <span class='ocr_line' id='line_1_20' title="bbox 333 1226 633 1269; baseline 0.007 -12"><span class='ocrx_word' id='word_1_43' title='bbox 333 1235 389 1257; x_wconf 73' lang='lat' dir='ltr'><strong>rex</strong></span> <span class='ocrx_word' id='word_1_44' title='bbox 416 1227 448 1257; x_wconf 93' lang='lat' dir='ltr'><strong>in</strong></span> <span class='ocrx_word' id='word_1_45' title='bbox 475 1226 633 1269; x_wconf 91' lang='lat' dir='ltr'><strong>cubiculo,</strong></span> 
     </span>
    </p>

    <p class='ocr_par' dir='ltr' id='par_1_10' title="bbox 334 1274 480 1306">
     <span class='ocr_line' id='line_1_21' title="bbox 334 1274 480 1306; baseline 0 -1"><span class='ocrx_word' id='word_1_46' title='bbox 334 1274 398 1306; x_wconf 90' lang='lat' dir='ltr'><strong>Ubi</strong></span> <span class='ocrx_word' id='word_1_47' title='bbox 424 1283 480 1306; x_wconf 88' lang='lat' dir='ltr'><strong>sua</strong></span> 
     </span>
    </p>

    <p class='ocr_par' dir='ltr' id='par_1_11' title="bbox 381 1326 673 1363">
     <span class='ocr_line' id='line_1_22' title="bbox 381 1326 673 1363; baseline 0.003 -10"><span class='ocrx_word' id='word_1_48' title='bbox 381 1326 507 1354; x_wconf 84' lang='lat' dir='ltr'><strong>secreta</strong></span> <span class='ocrx_word' id='word_1_49' title='bbox 532 1326 673 1363; x_wconf 86' lang='lat' dir='ltr'><strong>reserat;</strong></span> 
     </span>
    </p>

    <p class='ocr_par' dir='ltr' id='par_1_12' title="bbox 199 1414 561 1454">
     <span class='ocr_line' id='line_1_23' title="bbox 199 1414 561 1454; baseline -0.003 -8"><span class='ocrx_word' id='word_1_50' title='bbox 199 1415 256 1446; x_wconf 83' lang='lat' dir='ltr'><strong>7a.</strong></span> <span class='ocrx_word' id='word_1_51' title='bbox 286 1414 452 1454; x_wconf 82' lang='lat' dir='ltr'><strong>Virginem</strong></span> <span class='ocrx_word' id='word_1_52' title='bbox 478 1414 561 1445; x_wconf 88' lang='lat' dir='ltr'><strong>hanc</strong></span> 
     </span>
    </p>

    <p class='ocr_par' dir='ltr' id='par_1_13' title="bbox 288 1462 563 1550">
     <span class='ocr_line' id='line_1_24' title="bbox 334 1462 563 1502; baseline -0.004 -9"><span class='ocrx_word' id='word_1_53' title='bbox 334 1462 396 1493; x_wconf 90' lang='lat' dir='ltr'><strong>sibi</strong></span> <span class='ocrx_word' id='word_1_54' title='bbox 422 1462 563 1502; x_wconf 79' lang='lat' dir='ltr'><strong>elegerat</strong></span> 
     </span>
     <span class='ocr_line' id='line_1_25' title="bbox 288 1511 504 1550; baseline 0 -9"><span class='ocrx_word' id='word_1_55' title='bbox 288 1511 373 1542; x_wconf 84' lang='lat' dir='ltr'><strong>Deus</strong></span> <span class='ocrx_word' id='word_1_56' title='bbox 401 1515 504 1550; x_wconf 84' lang='lat' dir='ltr'><strong>pater,</strong></span> 
     </span>
    </p>

    <p class='ocr_par' dir='ltr' id='par_1_14' title="bbox 335 1559 615 1600">
     <span class='ocr_line' id='line_1_26' title="bbox 335 1559 615 1600; baseline 0.004 -11"><span class='ocrx_word' id='word_1_57' title='bbox 335 1564 365 1590; x_wconf 85' lang='lat' dir='ltr'><strong>et</strong></span> <span class='ocrx_word' id='word_1_58' title='bbox 393 1559 615 1600; x_wconf 82' lang='lat' dir='ltr'><strong>praeelegerat</strong></span> 
     </span>
    </p>

    <p class='ocr_par' dir='ltr' id='par_1_15' title="bbox 333 1607 554 1638">
     <span class='ocr_line' id='line_1_27' title="bbox 333 1607 554 1638; baseline 0 0"><span class='ocrx_word' id='word_1_59' title='bbox 333 1607 554 1638; x_wconf 84' lang='lat' dir='ltr'><strong>Habitaudam</strong></span> 
     </span>
    </p>
   </div>
   <div class='ocr_carea' id='block_1_4' title="bbox 381 1655 670 1694">
    <p class='ocr_par' dir='ltr' id='par_1_16' title="bbox 381 1655 670 1694">
     <span class='ocr_line' id='line_1_28' title="bbox 381 1655 670 1694; baseline 0.007 -9"><span class='ocrx_word' id='word_1_60' title='bbox 381 1655 414 1686; x_wconf 91' lang='lat' dir='ltr'><strong>iu</strong></span> <span class='ocrx_word' id='word_1_61' title='bbox 441 1655 650 1688; x_wconf 85' lang='lat' dir='ltr'><strong>tabernaculo</strong></span> <span class='ocrx_word' id='word_1_62' title='bbox 663 1666 670 1694; x_wconf 79' lang='lat'><em>3</em></span> 
     </span>
    </p>
   </div>
   <div class='ocr_carea' id='block_1_5' title="bbox 199 1746 637 2021">
    <p class='ocr_par' dir='ltr' id='par_1_17' title="bbox 199 1746 503 1787">
     <span class='ocr_line' id='line_1_29' title="bbox 199 1746 503 1787; baseline -0.01 -6"><span class='ocrx_word' id='word_1_63' title='bbox 199 1749 258 1781; x_wconf 78' lang='lat' dir='ltr'><strong>Sa.</strong></span> <span class='ocrx_word' id='word_1_64' title='bbox 286 1746 357 1778; x_wconf 86' lang='lat' dir='ltr'><strong>Nou</strong></span> <span class='ocrx_word' id='word_1_65' title='bbox 385 1756 503 1787; x_wconf 88' lang='lat' dir='ltr'><strong>negare</strong></span> 
     </span>
    </p>

    <p class='ocr_par' dir='ltr' id='par_1_18' title="bbox 285 1795 576 1884">
     <span class='ocr_line' id='line_1_30' title="bbox 334 1795 576 1837; baseline 0 -11"><span class='ocrx_word' id='word_1_66' title='bbox 334 1795 419 1826; x_wconf 84' lang='lat' dir='ltr'><strong>filius</strong></span> <span class='ocrx_word' id='word_1_67' title='bbox 446 1796 576 1837; x_wconf 87' lang='lat' dir='ltr'><strong>poterit,</strong></span> 
     </span>
     <span class='ocr_line' id='line_1_31' title="bbox 285 1844 546 1884; baseline 0 -10"><span class='ocrx_word' id='word_1_68' title='bbox 285 1844 449 1884; x_wconf 77' lang='lat' dir='ltr'>Quidquid</span> <span class='ocrx_word' id='word_1_69' title='bbox 476 1852 546 1874; x_wconf 90' lang='lat' dir='ltr'><strong>eum</strong></span> 
     </span>
    </p>

    <p class='ocr_par' dir='ltr' id='par_1_19' title="bbox 286 1892 605 1979">
     <span class='ocr_line' id='line_1_32' title="bbox 335 1892 605 1932; baseline 0.004 -10"><span class='ocrx_word' id='word_1_70' title='bbox 335 1897 438 1923; x_wconf 79' lang='lat' dir='ltr'><strong>mater</strong></span> <span class='ocrx_word' id='word_1_71' title='bbox 464 1892 605 1932; x_wconf 85' lang='lat' dir='ltr'><strong>petierit,</strong></span> 
     </span>
     <span class='ocr_line' id='line_1_33' title="bbox 286 1940 521 1979; baseline -0.004 -8"><span class='ocrx_word' id='word_1_72' title='bbox 286 1940 374 1979; x_wconf 84' lang='lat' dir='ltr'><strong>Quae</strong></span> <span class='ocrx_word' id='word_1_73' title='bbox 400 1941 521 1972; x_wconf 86' lang='lat' dir='ltr'><strong>residet</strong></span> 
     </span>
    </p>

    <p class='ocr_par' dir='ltr' id='par_1_20' title="bbox 339 1989 637 2021">
     <span class='ocr_line' id='line_1_34' title="bbox 339 1989 637 2021; baseline 0.007 -2"><span class='ocrx_word' id='word_1_74' title='bbox 339 1989 370 2019; x_wconf 88' lang='lat' dir='ltr'><strong>in</strong></span> <span class='ocrx_word' id='word_1_75' title='bbox 399 1989 465 2020; x_wconf 88' lang='lat' dir='ltr'><strong>eius</strong></span> <span class='ocrx_word' id='word_1_76' title='bbox 493 1989 637 2021; x_wconf 83' lang='lat' dir='ltr'><strong>dextera.</strong></span> 
     </span>
    </p>
   </div>
   <div class='ocr_carea' id='block_1_6' title="bbox 203 2081 716 2365">
    <p class='ocr_par' dir='ltr' id='par_1_21' title="bbox 203 2081 716 2365">
     <span class='ocr_line' id='line_1_35' title="bbox 203 2081 460 2122; baseline -0.004 -9"><span class='ocrx_word' id='word_1_77' title='bbox 203 2081 263 2113; x_wconf 89' lang='lat' dir='ltr'><strong>9a.</strong></span> <span class='ocrx_word' id='word_1_78' title='bbox 290 2081 315 2114; x_wconf 94' lang='grc' dir='ltr'>Ο</span> <span class='ocrx_word' id='word_1_79' title='bbox 342 2081 460 2122; x_wconf 85' lang='lat' dir='ltr'><strong>Maria,</strong></span> 
     </span>
     <span class='ocr_line' id='line_1_36' title="bbox 337 2134 639 2172; baseline 0 -11"><span class='ocrx_word' id='word_1_80' title='bbox 337 2134 440 2161; x_wconf 90' lang='lat' dir='ltr'><strong>mater</strong></span> <span class='ocrx_word' id='word_1_81' title='bbox 466 2138 639 2172; x_wconf 87' lang='lat' dir='ltr'><strong>puerpera,</strong></span> 
     </span>
     <span class='ocr_line' id='line_1_37' title="bbox 288 2178 478 2217; baseline -0.011 -6"><span class='ocrx_word' id='word_1_82' title='bbox 288 2178 478 2217; x_wconf 86' lang='lat' dir='ltr'><strong>Considera,</strong></span> 
     </span>
     <span class='ocr_line' id='line_1_38' title="bbox 338 2227 609 2267; baseline 0.004 -10"><span class='ocrx_word' id='word_1_83' title='bbox 338 2227 441 2258; x_wconf 84' lang='lat' dir='ltr'><strong>libera</strong></span> <span class='ocrx_word' id='word_1_84' title='bbox 468 2236 609 2267; x_wconf 89' lang='lat' dir='ltr'><strong>propera</strong></span> 
     </span>
     <span class='ocr_line' id='line_1_39' title="bbox 289 2275 550 2315; baseline -0.004 -7"><span class='ocrx_word' id='word_1_85' title='bbox 289 2275 420 2308; x_wconf 86' lang='lat' dir='ltr'><strong>Plebem</strong></span> <span class='ocrx_word' id='word_1_86' title='bbox 451 2279 550 2315; x_wconf 85' lang='lat' dir='ltr'><strong>tuam,</strong></span> 
     </span>
     <span class='ocr_line' id='line_1_40' title="bbox 338 2324 716 2365; baseline 0.005 -10"><span class='ocrx_word' id='word_1_87' title='bbox 338 2324 439 2361; x_wconf 77' lang='lat' dir='ltr'><strong>salva,</strong></span> <span class='ocrx_word' id='word_1_88' title='bbox 469 2333 551 2364; x_wconf 89' lang='lat' dir='ltr'><strong>quae</strong></span> <span class='ocrx_word' id='word_1_89' title='bbox 578 2324 716 2365; x_wconf 82' lang='lat' dir='ltr'><strong>deperit.</strong></span> 
     </span>
    </p>
   </div>
   <div class='ocr_carea' id='block_1_7' title="bbox 272 2415 1534 2453">
    <p class='ocr_par' dir='ltr' id='par_1_22' title="bbox 272 2415 1534 2453">
     <span class='ocr_line' id='line_1_41' title="bbox 272 2415 1534 2453; baseline 0.008 -13"><span class='ocrx_word' id='word_1_90' title='bbox 272 2415 407 2442; x_wconf 85' lang='lat' dir='ltr'><strong>oration.</strong></span> <span class='ocrx_word' id='word_1_91' title='bbox 430 2419 459 2442; x_wconf 88' lang='lat' dir='ltr'><strong>et</strong></span> <span class='ocrx_word' id='word_1_92' title='bbox 474 2416 615 2452; x_wconf 86' lang='lat' dir='ltr'><strong>Sequent.</strong></span> <span class='ocrx_word' id='word_1_93' title='bbox 631 2426 685 2445; x_wconf 84' lang='lat' dir='ltr'><strong>ms.</strong></span> <span class='ocrx_word' id='word_1_94' title='bbox 701 2417 866 2453; x_wconf 76' lang='lat' dir='ltr'><strong>campense</strong></span> <span class='ocrx_word' id='word_1_95' title='bbox 881 2418 952 2444; x_wconf 87' lang='lat' dir='ltr'><strong>anni</strong></span> <span class='ocrx_word' id='word_1_96' title='bbox 970 2415 1053 2444; x_wconf 83' lang='lat'>1462.</span> <span class='ocrx_word' id='word_1_97' title='bbox 1089 2417 1160 2445; x_wconf 86' lang='lat' dir='ltr'><strong>Cod.</strong></span> <span class='ocrx_word' id='word_1_98' title='bbox 1175 2418 1397 2449; x_wconf 82' lang='lat' dir='ltr'><strong>Darmstadien.</strong></span> <span class='ocrx_word' id='word_1_99' title='bbox 1413 2420 1480 2450; x_wconf 88' lang='lat'>521.</span> <span class='ocrx_word' id='word_1_100' title='bbox 1497 2439 1534 2443; x_wconf 91' lang='lat'>—</span> 
     </span>
    </p>
   </div>
   <div class='ocr_carea' id='block_1_8' title="bbox 721 127 959 163">
    <p class='ocr_par' dir='ltr' id='par_1_23' title="bbox 721 127 959 163">
     <span class='ocr_line' id='line_1_42' title="bbox 721 127 959 163; baseline -0.008 -10"><span class='ocrx_word' id='word_1_101' title='bbox 721 127 959 163; x_wconf 76' lang='grc'>-78-</span> 
     </span>
    </p>
   </div>
   <div class='ocr_carea' id='block_1_9' title="bbox 885 225 946 258">
    <p class='ocr_par' dir='ltr' id='par_1_24' title="bbox 885 225 946 258">
     <span class='ocr_line' id='line_1_43' title="bbox 885 225 946 258; baseline -0.016 0"><span class='ocrx_word' id='word_1_102' title='bbox 885 225 946 258; x_wconf 90' lang='lat' dir='ltr'><strong>4b.</strong></span> 
     </span>
    </p>
   </div>
   <div class='ocr_carea' id='block_1_10' title="bbox 890 653 949 686">
    <p class='ocr_par' dir='ltr' id='par_1_25' title="bbox 890 653 949 686">
     <span class='ocr_line' id='line_1_44' title="bbox 890 653 949 686; baseline -0.017 0"><span class='ocrx_word' id='word_1_103' title='bbox 890 653 949 686; x_wconf 84' lang='lat' dir='ltr'><strong>5b.</strong></span> 
     </span>
    </p>
   </div>
   <div class='ocr_carea' id='block_1_11' title="bbox 893 1083 954 1117">
    <p class='ocr_par' dir='ltr' id='par_1_26' title="bbox 893 1083 954 1117">
     <span class='ocr_line' id='line_1_45' title="bbox 893 1083 954 1117; baseline -0.033 0"><span class='ocrx_word' id='word_1_104' title='bbox 893 1083 954 1117; x_wconf 85' lang='lat' dir='ltr'><strong>6b.</strong></span> 
     </span>
    </p>
   </div>
   <div class='ocr_carea' id='block_1_12' title="bbox 895 1417 953 1450">
    <p class='ocr_par' dir='ltr' id='par_1_27' title="bbox 895 1417 953 1450">
     <span class='ocr_line' id='line_1_46' title="bbox 895 1417 953 1450; baseline 0.017 -2"><span class='ocrx_word' id='word_1_105' title='bbox 895 1417 953 1450; x_wconf 85' lang='lat' dir='ltr'><strong>7b.</strong></span> 
     </span>
    </p>
   </div>
   <div class='ocr_carea' id='block_1_13' title="bbox 897 1749 959 1784">
    <p class='ocr_par' dir='ltr' id='par_1_28' title="bbox 897 1749 959 1784">
     <span class='ocr_line' id='line_1_47' title="bbox 897 1749 959 1784; baseline 0.032 -3"><span class='ocrx_word' id='word_1_106' title='bbox 897 1749 959 1784; x_wconf 84' lang='lat' dir='ltr'><strong>8b.</strong></span> 
     </span>
    </p>
   </div>
   <div class='ocr_carea' id='block_1_14' title="bbox 899 2084 958 2118">
    <p class='ocr_par' dir='ltr' id='par_1_29' title="bbox 899 2084 958 2118">
     <span class='ocr_line' id='line_1_48' title="bbox 899 2084 958 2118; baseline 0.034 -3"><span class='ocrx_word' id='word_1_107' title='bbox 899 2084 958 2118; x_wconf 91' lang='lat' dir='ltr'><strong>9b.</strong></span> 
     </span>
    </p>
   </div>
   <div class='ocr_carea' id='block_1_15' title="bbox 973 224 1384 602">
    <p class='ocr_par' dir='ltr' id='par_1_30' title="bbox 973 224 1180 265">
     <span class='ocr_line' id='line_1_49' title="bbox 973 224 1180 265; baseline 0 -9"><span class='ocrx_word' id='word_1_108' title='bbox 973 225 1028 257; x_wconf 87' lang='lat' dir='ltr'><strong>Sic</strong></span> <span class='ocrx_word' id='word_1_109' title='bbox 1053 224 1180 265; x_wconf 82' lang='lat' dir='ltr'><strong>gaudiis</strong></span> 
     </span>
    </p>

    <p class='ocr_par' dir='ltr' id='par_1_31' title="bbox 975 271 1359 362">
     <span class='ocr_line' id='line_1_50' title="bbox 1023 271 1359 314; baseline -0.006 -10"><span class='ocrx_word' id='word_1_110' title='bbox 1023 281 1094 305; x_wconf 89' lang='lat' dir='ltr'><strong>cum</strong></span> <span class='ocrx_word' id='word_1_111' title='bbox 1120 271 1359 314; x_wconf 83' lang='lat' dir='ltr'><strong>permagnificis</strong></span> 
     </span>
     <span class='ocr_line' id='line_1_51' title="bbox 975 321 1177 362; baseline 0 -9"><span class='ocrx_word' id='word_1_112' title='bbox 975 321 1027 353; x_wconf 85' lang='lat' dir='ltr'><strong>Ad</strong></span> <span class='ocrx_word' id='word_1_113' title='bbox 1054 321 1177 362; x_wconf 87' lang='lat' dir='ltr'><strong>gloriae</strong></span> 
     </span>
    </p>

    <p class='ocr_par' dir='ltr' id='par_1_32' title="bbox 975 368 1384 450">
     <span class='ocr_line' id='line_1_52' title="bbox 1024 368 1384 407; baseline -0.003 -7"><span class='ocrx_word' id='word_1_114' title='bbox 1024 370 1175 402; x_wconf 87' lang='lat' dir='ltr'><strong>thronum</strong></span> <span class='ocrx_word' id='word_1_115' title='bbox 1202 368 1384 407; x_wconf 87' lang='lat' dir='ltr'><strong>deducitur,</strong></span> 
     </span>
     <span class='ocr_line' id='line_1_53' title="bbox 975 417 1150 450; baseline 0 0"><span class='ocrx_word' id='word_1_116' title='bbox 975 417 1150 450; x_wconf 85' lang='lat' dir='ltr'><strong>Assistitur</strong></span> 
     </span>
    </p>

    <p class='ocr_par' dir='ltr' id='par_1_33' title="bbox 977 465 1312 546">
     <span class='ocr_line' id='line_1_54' title="bbox 1025 465 1312 506; baseline -0.003 -9"><span class='ocrx_word' id='word_1_117' title='bbox 1025 465 1132 498; x_wconf 87' lang='lat' dir='ltr'><strong>choris</strong></span> <span class='ocrx_word' id='word_1_118' title='bbox 1157 465 1312 506; x_wconf 83' lang='lat' dir='ltr'><strong>angelicis</strong></span> 
     </span>
     <span class='ocr_line' id='line_1_55' title="bbox 977 514 1214 546; baseline 0 0"><span class='ocrx_word' id='word_1_119' title='bbox 977 514 1017 546; x_wconf 84' lang='lat' dir='ltr'><strong>Et</strong></span> <span class='ocrx_word' id='word_1_120' title='bbox 1046 523 1065 546; x_wconf 85' lang='lat' dir='ltr'><strong>a</strong></span> <span class='ocrx_word' id='word_1_121' title='bbox 1090 523 1214 546; x_wconf 90' lang='lat' dir='ltr'><strong>summo</strong></span> 
     </span>
    </p>

    <p class='ocr_par' dir='ltr' id='par_1_34' title="bbox 1026 562 1329 602">
     <span class='ocr_line' id='line_1_56' title="bbox 1026 562 1329 602; baseline 0.003 -9"><span class='ocrx_word' id='word_1_122' title='bbox 1026 571 1144 602; x_wconf 91' lang='lat' dir='ltr'><strong>sponso</strong></span> <span class='ocrx_word' id='word_1_123' title='bbox 1171 562 1329 602; x_wconf 88' lang='lat' dir='ltr'><strong>diligitur.</strong></span> 
     </span>
    </p>
   </div>
   <div class='ocr_carea' id='block_1_16' title="bbox 978 653 1395 1022">
    <p class='ocr_par' dir='ltr' id='par_1_35' title="bbox 978 653 1130 687">
     <span class='ocr_line' id='line_1_57' title="bbox 978 653 1130 687; baseline -0.02 0"><span class='ocrx_word' id='word_1_124' title='bbox 978 653 1130 687; x_wconf 90' lang='lat' dir='ltr'><strong>Universi</strong></span> 
     </span>
    </p>

    <p class='ocr_par' dir='ltr' id='par_1_36' title="bbox 978 701 1307 782">
     <span class='ocr_line' id='line_1_58' title="bbox 1026 701 1307 742; baseline -0.004 -9"><span class='ocrx_word' id='word_1_125' title='bbox 1026 702 1183 734; x_wconf 87' lang='lat' dir='ltr'><strong>laetemur</strong></span> <span class='ocrx_word' id='word_1_126' title='bbox 1208 701 1307 742; x_wconf 87' lang='lat' dir='ltr'><strong>igitur</strong></span> 
     </span>
     <span class='ocr_line' id='line_1_59' title="bbox 978 750 1162 782; baseline 0 -1"><span class='ocrx_word' id='word_1_127' title='bbox 978 750 1162 782; x_wconf 85' lang='lat' dir='ltr'><strong>Metuentes</strong></span> 
     </span>
    </p>

    <p class='ocr_par' dir='ltr' id='par_1_37' title="bbox 979 797 1345 878">
     <span class='ocr_line' id='line_1_60' title="bbox 1028 797 1345 838; baseline -0.003 -9"><span class='ocrx_word' id='word_1_128' title='bbox 1028 797 1169 829; x_wconf 83' lang='lat' dir='ltr'><strong>furorem</strong></span> <span class='ocrx_word' id='word_1_129' title='bbox 1196 797 1345 838; x_wconf 80' lang='lat' dir='ltr'><strong>vindicis,</strong></span> 
     </span>
     <span class='ocr_line' id='line_1_61' title="bbox 979 846 1150 878; baseline -0.012 0"><span class='ocrx_word' id='word_1_130' title='bbox 979 846 1150 878; x_wconf 86' lang='lat' dir='ltr'><strong>Advocata</strong></span> 
     </span>
    </p>

    <p class='ocr_par' dir='ltr' id='par_1_38' title="bbox 981 893 1395 982">
     <span class='ocr_line' id='line_1_62' title="bbox 1027 893 1395 933; baseline -0.003 -8"><span class='ocrx_word' id='word_1_131' title='bbox 1027 897 1139 925; x_wconf 85' lang='lat' dir='ltr'><strong>nostra</strong></span> <span class='ocrx_word' id='word_1_132' title='bbox 1163 893 1395 933; x_wconf 81' lang='lat' dir='ltr'><strong>praemittitur,</strong></span> 
     </span>
     <span class='ocr_line' id='line_1_63' title="bbox 981 941 1219 982; baseline -0.004 -9"><span class='ocrx_word' id='word_1_133' title='bbox 981 942 1107 982; x_wconf 84' lang='lat' dir='ltr'><strong>Sponsa</strong></span> <span class='ocrx_word' id='word_1_134' title='bbox 1134 941 1219 982; x_wconf 89' lang='lat' dir='ltr'><strong>regis</strong></span> 
     </span>
    </p>

    <p class='ocr_par' dir='ltr' id='par_1_39' title="bbox 1031 989 1346 1022">
     <span class='ocr_line' id='line_1_64' title="bbox 1031 989 1346 1022; baseline -0.003 -1"><span class='ocrx_word' id='word_1_135' title='bbox 1031 994 1062 1021; x_wconf 91' lang='lat' dir='ltr'><strong>et</strong></span> <span class='ocrx_word' id='word_1_136' title='bbox 1088 994 1191 1022; x_wconf 87' lang='lat' dir='ltr'><strong>mater</strong></span> <span class='ocrx_word' id='word_1_137' title='bbox 1217 989 1346 1021; x_wconf 87' lang='lat' dir='ltr'><strong>iudicis.</strong></span> 
     </span>
    </p>
   </div>
   <div class='ocr_carea' id='block_1_17' title="bbox 981 1083 1378 1355">
    <p class='ocr_par' dir='ltr' id='par_1_40' title="bbox 981 1083 1378 1355">
     <span class='ocr_line' id='line_1_65' title="bbox 982 1083 1156 1116; baseline -0.011 0"><span class='ocrx_word' id='word_1_138' title='bbox 982 1083 1156 1116; x_wconf 86' lang='lat' dir='ltr'><strong>Osculatur</strong></span> 
     </span>
     <span class='ocr_line' id='line_1_66' title="bbox 1029 1130 1301 1162; baseline 0 0"><span class='ocrx_word' id='word_1_139' title='bbox 1029 1131 1069 1162; x_wconf 91' lang='lat' dir='ltr'><strong>ab</strong></span> <span class='ocrx_word' id='word_1_140' title='bbox 1097 1131 1165 1162; x_wconf 90' lang='lat' dir='ltr'><strong>eius</strong></span> <span class='ocrx_word' id='word_1_141' title='bbox 1191 1130 1301 1162; x_wconf 92' lang='lat' dir='ltr'><strong>osculo</strong></span> 
     </span>
     <span class='ocr_line' id='line_1_67' title="bbox 981 1179 1148 1220; baseline -0.012 -8"><span class='ocrx_word' id='word_1_142' title='bbox 981 1179 1148 1220; x_wconf 86' lang='lat' dir='ltr'><strong>Caritatis,</strong></span> 
     </span>
     <span class='ocr_line' id='line_1_68' title="bbox 1031 1226 1334 1267; baseline -0.003 -9"><span class='ocrx_word' id='word_1_143' title='bbox 1031 1232 1061 1258; x_wconf 92' lang='lat' dir='ltr'><strong>et</strong></span> <span class='ocrx_word' id='word_1_144' title='bbox 1089 1227 1178 1267; x_wconf 88' lang='lat' dir='ltr'><strong>pacis</strong></span> <span class='ocrx_word' id='word_1_145' title='bbox 1205 1226 1334 1257; x_wconf 90' lang='lat' dir='ltr'><strong>vinculo</strong></span> 
     </span>
     <span class='ocr_line' id='line_1_69' title="bbox 1033 1272 1301 1316; baseline -0.011 -8"><span class='ocrx_word' id='word_1_146' title='bbox 1033 1275 1181 1308; x_wconf 87' lang='lat' dir='ltr'><strong>Christus</strong></span> <span class='ocrx_word' id='word_1_147' title='bbox 1209 1272 1301 1316; x_wconf 90' lang='lat' dir='ltr'><strong>[sibi]</strong></span> 
     </span>
     <span class='ocr_line' id='line_1_70' title="bbox 1081 1321 1378 1355; baseline 0.003 -1"><span class='ocrx_word' id='word_1_148' title='bbox 1081 1332 1151 1355; x_wconf 84' lang='lat' dir='ltr'><strong>eam</strong></span> <span class='ocrx_word' id='word_1_149' title='bbox 1179 1321 1378 1355; x_wconf 82' lang='lat' dir='ltr'><strong>consederat.</strong></span> 
     </span>
    </p>
   </div>
   <div class='ocr_carea' id='block_1_18' title="bbox 981 1416 1410 1697">
    <p class='ocr_par' dir='ltr' id='par_1_41' title="bbox 981 1416 1410 1697">
     <span class='ocr_line' id='line_1_71' title="bbox 981 1416 1159 1447; baseline 0 0"><span class='ocrx_word' id='word_1_150' title='bbox 981 1416 1078 1447; x_wconf 88' lang='lat' dir='ltr'><strong>Cuius</strong></span> <span class='ocrx_word' id='word_1_151' title='bbox 1104 1416 1159 1447; x_wconf 89' lang='lat' dir='ltr'><strong>ille</strong></span> 
     </span>
     <span class='ocr_line' id='line_1_72' title="bbox 1030 1464 1347 1505; baseline -0.003 -10"><span class='ocrx_word' id='word_1_152' title='bbox 1030 1465 1114 1495; x_wconf 88' lang='lat' dir='ltr'><strong>votis</strong></span> <span class='ocrx_word' id='word_1_153' title='bbox 1132 1464 1347 1505; x_wconf 87' lang='lat' dir='ltr'><strong>obtemperat,</strong></span> 
     </span>
     <span class='ocr_line' id='line_1_73' title="bbox 982 1512 1290 1554; baseline -0.006 -9"><span class='ocrx_word' id='word_1_154' title='bbox 982 1513 1058 1550; x_wconf 74' lang='lat' dir='ltr'><strong>Dat,</strong></span> <span class='ocrx_word' id='word_1_155' title='bbox 1085 1512 1171 1552; x_wconf 90' lang='lat' dir='ltr'><strong>quod</strong></span> <span class='ocrx_word' id='word_1_156' title='bbox 1198 1513 1290 1554; x_wconf 75' lang='lat' dir='ltr'><strong>petit,</strong></span> 
     </span>
     <span class='ocr_line' id='line_1_74' title="bbox 1033 1560 1410 1601; baseline -0.003 -9"><span class='ocrx_word' id='word_1_157' title='bbox 1033 1560 1121 1600; x_wconf 85' lang='lat' dir='ltr'><strong>facit,</strong></span> <span class='ocrx_word' id='word_1_158' title='bbox 1148 1561 1234 1601; x_wconf 91' lang='lat' dir='ltr'><strong>quod</strong></span> <span class='ocrx_word' id='word_1_159' title='bbox 1260 1561 1410 1601; x_wconf 86' lang='lat' dir='ltr'><strong>imperat,</strong></span> 
     </span>
     <span class='ocr_line' id='line_1_75' title="bbox 1032 1609 1259 1652; baseline -0.009 -11"><span class='ocrx_word' id='word_1_160' title='bbox 1032 1609 1096 1641; x_wconf 89' lang='lat' dir='ltr'><strong>Suo</strong></span> <span class='ocrx_word' id='word_1_161' title='bbox 1122 1609 1259 1652; x_wconf 85' lang='lat' dir='ltr'><strong>praebet</strong></span> 
     </span>
     <span class='ocr_line' id='line_1_76' title="bbox 1080 1657 1363 1697; baseline -0.004 -8"><span class='ocrx_word' id='word_1_162' title='bbox 1080 1658 1206 1689; x_wconf 78' lang='lat' dir='ltr'><strong>veniam</strong></span> <span class='ocrx_word' id='word_1_163' title='bbox 1232 1657 1363 1697; x_wconf 88' lang='lat' dir='ltr'><strong>populo.</strong></span> 
     </span>
    </p>
   </div>
   <div class='ocr_carea' id='block_1_19' title="bbox 975 1748 1225 1798">
    <p class='ocr_par' dir='ltr' id='par_1_42' title="bbox 975 1748 1225 1798">
     <span class='ocr_line' id='line_1_77' title="bbox 975 1748 1225 1798; baseline -0.004 -17"><span class='ocrx_word' id='word_1_164' title='bbox 975 1749 1107 1798; x_wconf 75' lang='lat' dir='ltr'><strong>Nostra</strong></span> <span class='ocrx_word' id='word_1_165' title='bbox 1134 1748 1225 1780; x_wconf 87' lang='lat' dir='ltr'><strong>nobis</strong></span> 
     </span>
    </p>
   </div>
   <div class='ocr_carea' id='block_1_20' title="bbox 985 1798 1430 2032">
    <p class='ocr_par' dir='ltr' id='par_1_43' title="bbox 985 1798 1430 2032">
     <span class='ocr_line' id='line_1_78' title="bbox 1032 1798 1343 1839; baseline 0.003 -11"><span class='ocrx_word' id='word_1_166' title='bbox 1032 1802 1065 1828; x_wconf 90' lang='lat' dir='ltr'><strong>ut</strong></span> <span class='ocrx_word' id='word_1_167' title='bbox 1094 1798 1182 1829; x_wconf 84' lang='lat' dir='ltr'><strong>laxet</strong></span> <span class='ocrx_word' id='word_1_168' title='bbox 1208 1798 1343 1839; x_wconf 90' lang='lat' dir='ltr'><strong>scelera,</strong></span> 
     </span>
     <span class='ocr_line' id='line_1_79' title="bbox 985 1846 1123 1878; baseline 0 -1"><span class='ocrx_word' id='word_1_169' title='bbox 985 1846 1039 1878; x_wconf 87' lang='lat' dir='ltr'><strong>Illi</strong></span> <span class='ocrx_word' id='word_1_170' title='bbox 1065 1855 1123 1878; x_wconf 85' lang='lat' dir='ltr'><strong>sua</strong></span> 
     </span>
     <span class='ocr_line' id='line_1_80' title="bbox 1035 1894 1314 1934; baseline 0.004 -9"><span class='ocrx_word' id='word_1_171' title='bbox 1035 1894 1178 1926; x_wconf 87' lang='lat' dir='ltr'><strong>denudat</strong></span> <span class='ocrx_word' id='word_1_172' title='bbox 1203 1894 1314 1934; x_wconf 89' lang='lat' dir='ltr'><strong>ubera,</strong></span> 
     </span>
     <span class='ocr_line' id='line_1_81' title="bbox 985 1943 1256 1984; baseline -0.007 -7"><span class='ocrx_word' id='word_1_173' title='bbox 985 1943 1030 1977; x_wconf 89' lang='lat' dir='ltr'><strong>Ut</strong></span> <span class='ocrx_word' id='word_1_174' title='bbox 1056 1951 1178 1974; x_wconf 90' lang='lat' dir='ltr'><strong>memor</strong></span> <span class='ocrx_word' id='word_1_175' title='bbox 1203 1944 1256 1984; x_wconf 86' lang='lat' dir='ltr'><strong>sit,</strong></span> 
     </span>
     <span class='ocr_line' id='line_1_82' title="bbox 1034 1991 1430 2032; baseline 0.005 -9"><span class='ocrx_word' id='word_1_176' title='bbox 1034 1991 1105 2031; x_wconf 91' lang='lat' dir='ltr'><strong>quis</strong></span> <span class='ocrx_word' id='word_1_177' title='bbox 1131 1992 1292 2032; x_wconf 89' lang='lat' dir='ltr'><strong>quondam</strong></span> <span class='ocrx_word' id='word_1_178' title='bbox 1321 1991 1430 2028; x_wconf 82' lang='lat' dir='ltr'><strong>fuerit.</strong></span> 
     </span>
    </p>
   </div>
   <div class='ocr_carea' id='block_1_21' title="bbox 987 2084 1369 2368">
    <p class='ocr_par' dir='ltr' id='par_1_44' title="bbox 987 2084 1175 2116">
     <span class='ocr_line' id='line_1_83' title="bbox 987 2084 1175 2116; baseline 0.005 -1"><span class='ocrx_word' id='word_1_179' title='bbox 987 2084 1175 2116; x_wconf 82' lang='lat' dir='ltr'><strong>Praesentia</strong></span> 
     </span>
    </p>

    <p class='ocr_par' dir='ltr' id='par_1_45' title="bbox 987 2133 1336 2221">
     <span class='ocr_line' id='line_1_84' title="bbox 1034 2133 1336 2175; baseline 0.007 -11"><span class='ocrx_word' id='word_1_180' title='bbox 1034 2138 1090 2165; x_wconf 89' lang='lat' dir='ltr'><strong>tua</strong></span> <span class='ocrx_word' id='word_1_181' title='bbox 1116 2143 1174 2165; x_wconf 92' lang='lat' dir='ltr'><strong>nos</strong></span> <span class='ocrx_word' id='word_1_182' title='bbox 1203 2133 1336 2175; x_wconf 88' lang='lat' dir='ltr'><strong>deserit,</strong></span> 
     </span>
     <span class='ocr_line' id='line_1_85' title="bbox 987 2181 1201 2221; baseline 0 -9"><span class='ocrx_word' id='word_1_183' title='bbox 987 2181 1052 2213; x_wconf 89' lang='lat' dir='ltr'><strong>Sed</strong></span> <span class='ocrx_word' id='word_1_184' title='bbox 1077 2182 1201 2221; x_wconf 86' lang='lat' dir='ltr'><strong>reperit</strong></span> 
     </span>
    </p>

    <p class='ocr_par' dir='ltr' id='par_1_46' title="bbox 989 2230 1299 2318">
     <span class='ocr_line' id='line_1_86' title="bbox 1035 2230 1296 2271; baseline 0.011 -12"><span class='ocrx_word' id='word_1_185' title='bbox 1035 2230 1100 2260; x_wconf 87' lang='lat' dir='ltr'><strong>iter</strong></span> <span class='ocrx_word' id='word_1_186' title='bbox 1123 2234 1154 2260; x_wconf 91' lang='lat' dir='ltr'><strong>et</strong></span> <span class='ocrx_word' id='word_1_187' title='bbox 1178 2231 1296 2271; x_wconf 78' lang='lat' dir='ltr'><strong>aperit,</strong></span> 
     </span>
     <span class='ocr_line' id='line_1_87' title="bbox 989 2278 1299 2318; baseline 0.006 -9"><span class='ocrx_word' id='word_1_188' title='bbox 989 2278 1058 2317; x_wconf 87' lang='lat' dir='ltr'><strong>Quo</strong></span> <span class='ocrx_word' id='word_1_189' title='bbox 1085 2287 1142 2309; x_wconf 88' lang='lat' dir='ltr'><strong>nos</strong></span> <span class='ocrx_word' id='word_1_190' title='bbox 1167 2282 1241 2318; x_wconf 88' lang='lat' dir='ltr'><strong>post</strong></span> <span class='ocrx_word' id='word_1_191' title='bbox 1264 2288 1299 2311; x_wconf 86' lang='lat' dir='ltr'><strong>se</strong></span> 
     </span>
    </p>

    <p class='ocr_par' dir='ltr' id='par_1_47' title="bbox 1037 2326 1369 2368">
     <span class='ocr_line' id='line_1_88' title="bbox 1037 2326 1369 2368; baseline 0.015 -12"><span class='ocrx_word' id='word_1_192' title='bbox 1037 2326 1147 2357; x_wconf 88' lang='lat' dir='ltr'><strong>trahat</strong></span> <span class='ocrx_word' id='word_1_193' title='bbox 1173 2327 1215 2358; x_wconf 89' lang='lat' dir='ltr'><strong>ad</strong></span> <span class='ocrx_word' id='word_1_194' title='bbox 1243 2336 1369 2368; x_wconf 84' lang='lat' dir='ltr'><strong>supera.</strong></span> 
     </span>
    </p>
   </div>
   <div class='ocr_carea' id='block_1_22' title="bbox 195 2451 1179 2493">
    <p class='ocr_par' dir='ltr' id='par_1_48' title="bbox 195 2451 1179 2493">
     <span class='ocr_line' id='line_1_89' title="bbox 195 2451 1179 2493; baseline 0.004 -13"><span class='ocrx_word' id='word_1_195' title='bbox 195 2451 248 2480; x_wconf 86' lang='lat' dir='ltr'><strong>7b.</strong></span> <span class='ocrx_word' id='word_1_196' title='bbox 271 2452 284 2479; x_wconf 93' lang='lat'>1</span> <span class='ocrx_word' id='word_1_197' title='bbox 309 2462 350 2488; x_wconf 79' lang='lat' dir='ltr'><strong>sq.</strong></span> <span class='ocrx_word' id='word_1_198' title='bbox 375 2454 466 2482; x_wconf 83' lang='lat' dir='ltr'><strong>Cuius</strong></span> <span class='ocrx_word' id='word_1_199' title='bbox 488 2455 533 2482; x_wconf 89' lang='lat' dir='ltr'><strong>illi</strong></span> <span class='ocrx_word' id='word_1_200' title='bbox 556 2457 648 2484; x_wconf 82' lang='lat' dir='ltr'><strong>vocis.</strong></span> <span class='ocrx_word' id='word_1_201' title='bbox 671 2471 707 2475; x_wconf 92' lang='lat'>—</span> <span class='ocrx_word' id='word_1_202' title='bbox 729 2455 783 2490; x_wconf 67' lang='lat'><strong>91³,</strong></span> <span class='ocrx_word' id='word_1_203' title='bbox 805 2453 823 2484; x_wconf 87' lang='lat'><strong>3</strong></span> <span class='ocrx_word' id='word_1_204' title='bbox 844 2465 888 2492; x_wconf 86' lang='lat' dir='ltr'><strong>sq.</strong></span> <span class='ocrx_word' id='word_1_205' title='bbox 904 2456 962 2484; x_wconf 87' lang='lat' dir='ltr'><strong>Sed</strong></span> <span class='ocrx_word' id='word_1_206' title='bbox 983 2457 1040 2484; x_wconf 81' lang='lat' dir='ltr'><strong>iter</strong></span> <span class='ocrx_word' id='word_1_207' title='bbox 1060 2457 1179 2493; x_wconf 83' lang='lat' dir='ltr'><strong>reperit.</strong></span> 
     </span>
    </p>
   </div>
  </div>
 </body>
</html>
