1654 2756
737 157 1004 194 —101—

209 255 271 288 2².
299 253 456 288 Nostrum
484 255 618 298 gignens
645 255 841 289 salvatorem

293 302 386 336 E'vae
412 303 581 344 planctum
608 309 641 337 et
659 314 840 338 maerorem

341 352 422 385 Eius
452 362 546 386 verso
572 354 702 386 nomine

205 440 266 473 8a.
294 440 414 482 Mater,
441 450 512 480 ave,

291 489 380 528 Quae
406 497 464 520 nos
491 499 510 521 a
536 488 604 521 Vae

340 537 504 569 Liberasti
531 538 692 579 carceris3

290 585 359 617 Fac
385 593 457 617 cum
485 586 587 625 clave,

293 634 382 673 Quae
409 634 564 666 conclave

341 682 464 715 Summi
491 682 578 722 regis
602 682 732 725 diceris,

341 730 409 762 Nos
436 729 561 763 firmari
588 729 744 765 foederis.

203 819 264 850 4a.
292 816 396 850 Nobis
423 818 685 858 supplicantibus

291 866 386 898 Puris
413 866 474 898 tibi
501 866 654 899 cordibus

340 915 499 956 Impende
526 917 686 954 juvamen,

912 255 973 290 2b.
1001 257 1040 290 In
1066 256 1218 298 gaudium
1246 254 1454 298 transtulisti,

998 305 1070 338 Hoc
1096 305 1221 338 idcirco
1247 303 1395 336 meruisti

1048 353 1190 387 Salutari
1219 353 1370 385 carmine.

911 440 970 475 3b.
998 441 1116 474 Mortis
1143 441 1223 474 bora

998 489 1119 522 Natum
1146 499 1204 522 ora

1045 538 1110 570 Pro
1136 538 1195 570 tibi
1222 537 1436 577 psallentibus

995 585 1038 617 Et
1067 585 1186 618 deeora

998 633 1077 674 Nos,
1106 634 1225 667 decora

1046 682 1155 723 Virgo,
1184 683 1269 715 vitae
1295 682 1438 715 moribus

1044 731 1088 763 Et
1113 730 1206 763 bonis
1234 730 1420 764 virtutibus,

908 818 968 851 4b.
996 818 1040 851 Ut
1068 827 1139 850 cum
1166 818 1247 851 caeli
1274 819 1398 851 civibus

995 868 1033 900 In
1059 868 1208 907 supernis
1235 867 1366 900 sedibus

1046 916 1259 948 Collocemur.
1312 918 1426 950 Amen.

270 1001 355 1028 Miss.
377 1001 551 1029 Morinense
573 1003 644 1038 imp.
666 1002 828 1038 Rotomagi
854 999 936 1030 1516.
959 1002 993 1029 A.
1012 1016 1048 1021 —
1063 1003 1147 1030 Miss.
1169 1003 1340 1030 Morinense
1362 1003 1431 1037 imp.
1447 1003 1539 1030 Roto-

193 1040 274 1076 magi
298 1038 381 1068 1523.
405 1041 436 1067 B.

648 1134 697 1166 98.
731 1134 774 1166 De
795 1135 898 1166 Beata
920 1134 1022 1166 Maria
1045 1135 1079 1165 V.

202 1216 254 1249 la.
279 1214 508 1256 Triumphanti

333 1263 463 1296 Mariae
487 1262 564 1305 filio,

291 1311 407 1354 Campi
433 1310 516 1353 flori,

340 1361 498 1393 convallis
525 1360 605 1401 lilio,

290 1409 470 1442 Iubilemus

338 1458 473 1499 virginis
500 1458 618 1499 gaudio

389 1505 648 1547 Congaudentes.

199 1596 259 1629 2a.
289 1594 396 1635 Salve,
426 1593 485 1626 Dei

336 1646 441 1675 mater
467 1648 498 1674 et
525 1643 602 1685 filia,

284 1693 375 1732 Quae
401 1701 537 1732 superas

335 1741 460 1773 intacta
485 1740 593 1775 noxia.

286 1788 390 1822 Stella
417 1789 516 1821 maris

334 1842 367 1870 et
393 1838 475 1871 caeli
501 1838 602 1879 regia,

384 1886 524 1921 Florens
547 1886 679 1929 hortus;

196 1977 256 2008 38.
283 1974 436 2007 Thronus
461 1975 532 2007 veri
555 1974 750 2015 Salomonis,

288 2024 400 2056 Vellus
426 2024 562 2056 madens
587 2023 763 2065 Gedeonis‚

333 2073 429 2106 sicea
454 2073 568 2105 subtus
593 2082 689 2114 area;

200 2164 251 2196 4a.
280 2161 481 2203 Reginarum
509 2162 715 2204 imperatrix,

283 2211 379 2244 Vitae
404 2215 538 2243 nostrae
564 2209 784 2252 reformatrix,

331 2260 426 2293 Oliva
452 2258 645 2303 fructifera;

195 2351 257 2385 5³.
283 2348 380 2382 Mens
408 2349 536 2389 devota,

280 2397 352 2431 Deo
378 2402 466 2438 nota,

282 2447 449 2480 Mundans
467 2450 581 2485 totum,
610 2446 732 2480 munda
743 2450 830 2488 stota,

332 2496 417 2530 Caro
444 2505 559 2529 carens
585 2496 709 2537 caries
751 2512 764 2519 ›

907 1215 966 1250 lb.
993 1216 1088 1249 Felix
1115 1220 1227 1253 mater,

1042 1274 1101 1305 per
1127 1265 1217 1297 cuius
1243 1266 1400 1305 gremium

994 1314 1090 1346 Venit
1117 1314 1159 1346 ad
1187 1323 1243 1346 nos

1043 1367 1172 1394 creator
1197 1363 1338 1395 omnium

994 1411 1056 1443 Per
1084 1420 1230 1443 cruorem

1041 1460 1202 1492 mundans
1227 1460 1392 1492 innoxium

1092 1508 1159 1539 Nos
1186 1512 1349 1542 nocentes.

905 1596 963 1629 2b.
992 1596 1080 1628 Fons
1106 1595 1284 1637 hortorum,

1041 1645 1133 1685 virgo
1158 1649 1327 1688 perpetua,

994 1693 1077 1734 Spes
1101 1702 1242 1732 reorum,

1042 1742 1131 1774 stilla
1158 1741 1322 1779 melliflua,

994 1790 1064 1823 Lux
1092 1800 1260 1824 caecorum

1040 1840 1156 1872 salutis
1181 1842 1289 1876 ianua.

1092 1889 1188 1922 Vitae
1214 1894 1338 1930 portus.

902 1978 963 2012 3b.
988 1977 1159 2010 Medicina
1184 1978 1379 2019 peccatoris,

988 2027 1082 2059 Viam
1110 2030 1260 2059 sternens
1289 2026 1433 2066 viatoris,

1036 2076 1099 2108 Via
1126 2076 1208 2107 caeli
1234 2075 1350 2108 lactea.

899 2164 959 2200 4b.
989 2165 1203 2198 Peccatorum
1230 2164 1427 2206 miseratrix,

987 2214 1185 2246 Miserorum
1214 2212 1428 2251 sublevatrix,

1038 2262 1097 2295 Pia
1123 2266 1254 2302 gestans
1281 2262 1417 2295 viscera.

901 2350 962 2385 5b.
988 2350 1117 2384 Clamat
1143 2348 1223 2382 foris

990 2398 1034 2431 Os
1061 2398 1193 2439 actoris,

958 2490 974 2497 f*
991 2447 1035 2480 Ut
1062 2457 1119 2480 cor
1142 2447 1278 2481 mundes
1304 2451 1498 2494 peccatoris,

900 2507 906 2510 ·
954 2531 957 2533 μ
985 2497 1121 2541 &Veni
1149 2507 1233 2531 vana
1259 2499 1385 2532 veniae.

894 2550 937 2563 ¹⁸,
