1654 2756
189 320 248 352 la.

189 686 247 716 33.

187 868 248 898 43.

187 1100 244 1129 53.

213 1616 273 1648 la.

207 2165 270 2196 4a.

208 2349 255 2379 5a

725 140 993 176 —262—

615 235 685 266 290.
726 233 769 264 De
790 235 900 266 sancto
919 233 1090 266 Matthaeo.

280 318 403 356 Gaude,
423 316 557 355 caelum,
577 319 675 355 terra,
691 314 822 356 plaude,

283 367 387 398 Adest
415 364 483 396 dies
511 364 610 405 digna
635 363 742 403 laude,

330 413 532 448 celebranda
559 412 685 453 gaudio.

240 529 246 535 .
278 501 391 533 Lucris
417 499 578 539 quondam
603 497 765 531 involutus

283 549 484 582 Salvatorem
509 547 564 579 hic
588 551 717 579 secutus

329 596 521 637 Aspernatis
547 596 693 636 singulis,

279 684 348 716 Nec
374 681 432 715 abs
459 691 494 713 re
519 683 617 714 cessit
643 680 775 722 camelo,

285 731 479 771 Sempiterni
506 732 559 770 qui
586 731 618 762 in
645 728 734 761 caelo

332 781 472 812 Consors
499 783 581 810 esset
607 776 754 818 praemii.

280 867 343 899 Res
369 874 500 898 orsurus
526 864 685 897 incarnati

284 915 352 946 Viri
379 918 456 954 typo
482 913 540 944 sub
567 913 643 945 alati

282 963 356 995 Rite
382 965 657 1002 praemonstratus
683 961 748 992 vati

330 1010 458 1042 Dicitur
484 1010 516 1041 in
543 1010 668 1049 spiritu.

277 1095 460 1136 Ephigenia
485 1099 643 1136 sacratur,

282 1145 382 1184 Quam
394 1143 468 1175 dum
479 1146 608 1175 sanctus
618 1143 823 1185 adhortatur,

284 1192 387 1224 Pravo
413 1191 480 1231 regi
507 1199 546 1222 ne
572 1191 731 1231 iungatur,

282 1240 369 1271 Ense
395 1239 508 1270 stricto
535 1238 720 1278 perforatur

329 1288 494 1320 Assistens
517 1287 644 1320 altari0.

886 315 946 349 lb.

883 499 946 533 2b.

884 682 944 716 3b.

883 865 946 898 4b.

883 1095 946 1129 5b.

980 314 1085 347 Huius
1111 314 1242 354 quidem
1267 313 1324 346 lux
1351 313 1418 346 diei

981 361 1055 394 Non
1084 362 1124 394 de
1149 362 1228 394 solis
1249 362 1307 394 sed
1334 361 1495 395 Matthaei

1026 411 1087 443 Est
1114 410 1262 452 perfecta
1287 411 1391 443 radio.

980 497 1077 530 Cuius
1106 507 1215 530 vocem
1242 500 1277 529 ut
1303 497 1439 540 audivit,

979 546 1044 579 Sua
1068 556 1214 588 quaeque
1239 544 1403 578 fastidivit

1027 595 1210 627 Adiunctus
1237 594 1417 634 discipulis,

976 681 1113 714 Saevum
1139 682 1244 722 ignem
1271 681 1452 722 castigavit,

978 729 1075 770 Regis
1101 734 1208 762 natum
1237 730 1405 762 suscitavit

1026 778 1163 810 Tentum
1190 779 1221 811 vi
1249 779 1420 812 daemonii.

978 864 1046 903 Quo
1073 868 1204 897 tonante
1232 865 1316 904 magi
1344 865 1472 906 cedunt,

979 912 1147 945 Neminem
1178 921 1299 946 venena
1328 913 1472 953 laedunt,

978 961 1230 1002 Maurorumque
1263 961 1361 993 duces
1388 962 1524 994 eredunt

1027 1009 1122 1042 Omni
1149 1019 1219 1041 oum
1246 1010 1400 1042 exercitu.

979 1095 1046 1126 Iam
1072 1095 1105 1127 iu
1132 1105 1231 1137 regno
1258 1096 1416 1128 claritatis

979 1143 1039 1182 Qui
1065 1143 1196 1176 laetaris
1224 1154 1294 1176 cum
1321 1145 1434 1187 beatis,

978 1190 1045 1223 Nos
1069 1192 1191 1224 solutos
1217 1203 1237 1225 a
1262 1194 1404 1233 peccatis

977 1239 1151 1272 Consortes
1173 1240 1340 1272 felicitatis

1024 1287 1092 1320 Tuo
1119 1287 1171 1321 fac
1197 1288 1357 1330 suffragio.

263 1364 353 1391 Grad.
386 1372 437 1391 mS.
467 1363 644 1390 Praedicatt.
672 1363 873 1391 Insulensium
900 1363 1047 1397 (Ar-osiae)
1074 1373 1152 1392 saec.
1178 1363 1253 1392 ¹⁵l16.
1281 1363 1354 1392 Cod.
1381 1366 1523 1401 Upsalen.

188 1405 210 1430 C
237 1401 302 1430 513.
324 1417 359 1421 —
380 1402 455 1430 Mel:
484 1401 595 1428 Salve
626 1404 744 1429 mater
773 1402 1007 1435 salvatoris,
1036 1403 1175 1431 deutsche
1199 1404 1364 1439 Singweise
1390 1405 1448 1431 und
1477 1414 1525 1441 ge*

190 1441 283 1468 kiirzt.
307 1456 339 1459 —
364 1442 420 1468 Cfr.
443 1440 612 1475 Klemming
634 1441 688 1472 ΙΙΙ,
711 1450 736 1475 p.
764 1438 813 1468 131
839 1450 882 1477 sq.

560 1544 622 1575 291.
666 1545 706 1574 De
729 1545 837 1575 sancto
858 1544 1001 1576 Mam-ino
1023 1545 1154 1577 Abbate.

305 1615 363 1646 Vir
389 1615 501 1647 beatus
529 1615 635 1654 hodie,

307 1663 463 1695 Strenuus
490 1664 522 1694 in
549 1664 618 1694 acie

357 1711 453 1743 Miles
481 1711 702 1751 triumphavit,

265 1825 271 1831 .
304 1797 406 1829 Terra
433 1797 506 1828 dum
535 1796 695 1835 effoditur,

304 1845 562 1878 Fundamentum
587 1845 705 1877 iacitur

354 1893 480 1933 Templi
507 1893 731 1933 construendi3

263 2005 269 2011 .
303 1981 401 2019 Quem
427 1979 610 2011 Maurinum
637 1979 764 2011 nomine

303 2028 344 2060 Et
371 2027 531 2061 Abbatem
558 2027 673 2059 ordine

352 2076 478 2109 Titulus
505 2076 645 2115 revelat3

304 2163 434 2196 Nardus
460 2163 565 2194 latens
591 2166 700 2204 puteo,

302 2211 424 2244 Nectar
450 2220 525 2243 vase
550 2211 638 2243 luteo

352 2260 511 2300 Fragraut
537 2268 597 2300 per
622 2259 765 2299 odorem,

260 2374 266 2381 .
299 2347 387 2380 Odor
410 2345 446 2378 fit
472 2348 691 2390 suavissimus,

302 2396 427 2428 Primus
455 2400 485 2427 et
511 2396 704 2430 novissimus

351 2445 412 2477 Illo
439 2449 636 2487 saturantur,

909 1617 972 1649 lb.

910 1982 970 2015 3b.

908 2167 970 2199 4b.

911 2350 962 2383 5b

1005 1616 1122 1649 Mundi
1147 1627 1241 1658 quem
1268 1619 1315 1649 sic
1343 1619 1500 1662 conditor,

1005 1664 1210 1698 secretorum
1235 1667 1394 1707 cognitor,

1053 1713 1178 1746 Mundo
1205 1715 1394 1748 declaravit.

1005 1800 1172 1833 Invenitur
1197 1802 1348 1843 tumulus,

1005 1844 1212 1892 [Reperi]tur
1237 1851 1361 1884 loculus

1053 1897 1124 1929 Viri
1150 1899 1332 1932 reverendi.

1004 1983 1137 2016 Passum
1165 1985 1196 2016 in
1224 1986 1380 2019 ecclesiae

1003 2032 1099 2064 Atn'o
1126 2033 1278 2066 Coloniae

1056 2080 1154 2113 Vetus
1181 2091 1256 2115 arca
1283 2083 1378 2118 celat.

1003 2167 1085 2199 Ossa
1108 2172 1195 2200 tecta
1220 2170 1344 2202 tumulo

1002 2215 1154 2248 Indicant
1179 2218 1349 2258 miraculo,

1051 2264 1210 2306 Martyris
1236 2266 1402 2302 honorem.

966 2375 974 2382 .
1006 2350 1064 2389 Qui
1091 2351 1197 2385 locum
1221 2352 1411 2399 attigerant,

1008 2398 1084 2439 Ubi,
1112 2409 1194 2440 quae
1217 2401 1392 2444 latuerant,

1055 2447 1136 2481 Ossa
1163 2451 1342 2486 elevantur.
