1654 2756
697 145 953 182 -250‘

184 249 245 281 9a.
279 247 381 280 Nobis
408 255 494 288 ergo,
517 245 590 276 Iesu
616 244 711 286 bone,
852 245 914 279 9b.
946 243 1071 275 Horum
1098 241 1153 283 pia
1179 249 1276 281 prece
1304 240 1448 280 praesta,

279 297 364 335 Quos
391 298 519 327 exercet
544 293 580 324 in
607 302 709 334 agone
950 292 999 324 Ne
1026 292 1076 324 vel
1104 299 1179 322 caro
1205 289 1255 321 vel
1282 285 1402 320 infesta

326 344 412 382 Iugis
440 341 635 383 colluctatio,
997 340 1123 373 Noceat
1149 337 1300 372 tentatio.

158 422 201 454 10
214 430 244 454 a.
276 423 366 461 Auge
389 418 498 458 fidem,
524 426 613 458 spem
633 417 791 461 conforta,
853 420 897 452 10
908 419 940 450 b.
972 418 1031 452 Ut.
1058 417 1135 450 dnm
1160 415 1214 447 hic
1239 412 1474 454 exspoliamur,

278 469 423 501 Caritate
449 476 507 499 nos
534 470 691 506 supporta
973 464 1137 498 Revestiri
1163 470 1345 495 mereamur

327 516 463 548 Deditos
490 515 644 555 peccatis,
999 514 1091 548 Stola
1117 512 1289 544 claritatis.

236 582 319 609 Miss.
337 581 514 610 coloniense
539 582 609 616 imp.
624 581 750 607 Parisiis
774 577 857 608 1506.
873 582 907 608 Α.
923 595 959 600 -—
974 582 1059 608 Miss.
1075 579 1254 608 coloniense
1277 578 1347 611 imp.
1363 572 1491 602 Parisiis

159 620 243 648 1514,
266 621 299 648 B.
322 635 358 640 —-
381 620 464 647 Miss.
486 621 665 647 Coloniense
686 621 757 654 imp.
778 619 905 647 Parisiis
928 617 1011 647 1525.
1034 620 1067 648 C.
1089 633 1126 638 —
1146 615 1199 651 Ga,
1220 614 1238 644 3
1260 614 1434 643 concutiens
1457 613 1491 647 A,

158 661 305 687 secutiens
329 660 386 686 Bc.
408 673 445 677 —-
467 656 518 686 61).
540 656 558 685 3
579 660 721 685 nuntians
743 658 780 689 A,
802 659 934 686 muciens
958 659 989 685 B.

569 752 633 782 277.
675 752 717 783 De
739 752 851 782 sancta
872 750 1072 792 magdalena.

163 824 224 856 la.
258 822 488 863 magdalenam
516 823 734 856 collaudemus
858 823 919 857 lb.
952 822 1002 854 De
1028 821 1172 863 peccatis
1199 829 1281 861 quae
1308 817 1475 871 commisit·

256 871 299 903 Et
325 872 357 902 in
386 870 453 901 eius
482 871 678 903 exsultemus
953 870 1008 902 Nil
1026 871 1068 903 ad
1087 877 1254 912 praesens,
1273 876 1346 900 nam
1367 869 1493 897 remlSlt

303 918 406 950 Felici
432 919 596 955 memoria,
1001 919 1055 952 Illi
1081 917 1230 952 Christus
1255 914 1373 948 omnia.

164 997 226 1028 211.
258 997 349 1028 Iesus
374 996 459 1027 enim
486 997 561 1029 dum
587 996 757 1030 recumbit,
855 996 919 1030 2b.
951 996 1075 1029 Christi
1100 994 1201 1036 pedes
1228 993 1434 1033 amplexatur

258 1044 318 1076 Illa
344 1044 432 1075 venit
460 1049 490 1075 et
516 1042 659 1076 infundit
951 1043 995 1076 Et
1019 1044 1083 1076 iam
1110 1051 1243 1084 prorsus
1271 1042 1454 1073 detestatur

304 1092 463 1124 Lacrimis
491 1092 645 1132 vestigia;
1003 1092 1195 1132 Perpetrata
1222 1090 1312 1122 vitia.

161 1168 221 1199 3a.
253 1168 353 1200 Retro
381 1169 470 1199 stetit
499 1173 529 1199 et
555 1178 617 1199 non
645 1173 718 1200 ante
853 1168 914 1202 3b.
948 1167 997 1198 Ne
1024 1177 1074 1199 me
1100 1175 1236 1208 spernas
1260 1164 1467 1198 confitentem

260 1216 528 1249 DicensChristo:
546 1217 791 1259 „Patersancte.
948 1215 1017 1247 Nec
1044 1215 1223 1247 confundas
1247 1214 1475 1251 accedentem,

307 1264 524 1296 Peccatricem
553 1264 689 1303 respice,
1000 1264 1064 1296 Sed
1091 1264 1131 1296 ad
1160 1263 1257 1294 vitam
1286 1262 1383 1302 erige.

167 1343 222 1371 ia.
257 1341 362 1373 Corde
389 1339 502 1378 loquor
528 1343 557 1371 et
585 1349 646 1371 non
675 1340 791 1377 verbis,
853 1341 917 1375 4b.
948 1341 1008 1380 Qui
1027 1350 1076 1372 me
1097 1340 1218 1380 vident,
1239 1340 1279 1371 de
1300 1339 1487 1379 dignantur,

258 1388 307 1419 Tu
336 1387 479 1418 dolorem
506 1396 610 1418 meum
637 1390 736 1420 sentis
947 1389 1041 1428 Quod
1066 1393 1098 1420 te
1124 1394 1240 1428 tango,
1275 1387 1490 1419 criminantur

306 1436 348 1467 Et
376 1444 445 1466 inea
471 1435 622 1476 suspiria.
999 1438 1081 1469 Prae
1108 1436 1215 1468 cordis
1243 1435 1375 1468 duritia.

164 1513 223 1544 5a.
257 1510 331 1553 Sed,
360 1520 378 1542 o
405 1516 499 1551 pater
524 1511 751 1554 orphanorum,
855 1513 917 1546 5b.
950 1513 1162 1554 Respondere
1189 1523 1251 1545 non
1280 1522 1349 1545 sum
1379 1522 1468 1552 ausa,

260 1559 321 1590 Dic
348 1559 515 1600 problema
543 1559 724 1593 debitorum
951 1562 1003 1593 Ad
1031 1566 1063 1593 te
1090 1565 1216 1602 spectat
1242 1571 1313 1594 mea
1339 1570 1450 1597 causa,

308 1607 350 1639 Et
378 1616 492 1639 exsusa
517 1607 626 1642 filiam,
1000 1612 1030 1642 A
1059 1620 1121 1651 quo
1147 1614 1224 1649 peto
1251 1611 1389 1641 veniam.

165 1687 224 1718 tia.
258 1685 337 1716 Dic:
377 1684 513 1723 ..Mai-ia,
542 1694 674 1725 surgens
701 1686 793 1728 vade,
858 1689 876 1719 ⁶]
888 1687 919 1719 b.
950 1686 1048 1727 Ergo,
1077 1687 1132 1728 pia
1156 1686 1364 1726 Magdalena,

260 1733 305 1764 Te
333 1732 461 1764 dimitto
487 1741 570 1764 nunc
596 1734 628 1764 in
655 1743 734 1774 pace
955 1735 1073 1766 Hostes
1100 1739 1228 1767 nostros
1255 1740 1287 1766 tu
1317 1734 1472 1767 refraena

309 1781 352 1812 Et
379 1780 491 1812 relaxo
517 1781 682 1814 crimina*
1004 1785 1046 1816 Et
1074 1791 1203 1822 semper
1229 1784 1371 1822 elimina,

167 1857 225 1891 7a.
257 1857 299 1890 Ut
337 1861 409 1897 post
441 1857 534 1890 huius
562 1858 646 1890 vitae
672 1868 798 1891 cursum
860 1860 921 1894 Tb.
955 1860 1020 1893 Ubi
1044 1870 1164 1899 manes,
1193 1870 1212 1892 o
1239 1861 1344 1902 beata,

259 1905 484 1937 Ascendamus
511 1911 615 1938 tecum
642 1916 767 1939 sursum
954 1909 1151 1948 Angelorum
1180 1910 1302 1942 sociata

308 1954 360 1985 Ad
388 1958 519 1986 aeterna
543 1955 670 1997 gaudia,
1003 1958 1154 1990 Coetibus
1180 1958 1214 1989 in
1240 1959 1354 1999 gloria.

242 2017 380 2056 Sequent
403 2029 455 2046 ms.
479 2021 649 2049 Sedunense
671 2031 746 2050 saec.
771 2021 806 2049 14
827 2027 855 2049 et
880 2023 923 2050 15.
946 2022 1015 2050 Cod.
1039 2023 1135 2060 Capit.
1159 2024 1307 2052 Sedunen.
1330 2034 1352 2051 s.
1375 2034 1403 2052 n.

574 2115 640 2147 278.
682 2117 724 2148 De
750 2119 861 2147 sancta
883 2116 1082 2157 Magdalena.

166 2187 225 2219 la.
256 2185 473 2226 Magdalenae
861 2190 877 2221 1
895 2188 926 2221 b.
958 2188 1022 2220 Per
1048 2199 1142 2229 quam
1171 2190 1215 2221 rei

260 2236 391 2267 Laudes
418 2235 515 2274 plene
541 2243 603 2266 vox
625 2243 759 2268 serenae
956 2236 1105 2269 Formam
1134 2238 1204 2277 spei
1232 2239 1364 2271 trahunt
1392 2239 1452 2272 Dei

310 2283 433 2316 Psallat
460 2284 587 2322 mentis
1005 2285 1097 2318 Dono
1126 2286 1244 2321 dantis.

165 2361 227 2394 2a.
258 2360 349 2392 Haec
375 2360 483 2392 Maria
509 2361 633 2393 cunctis
657 2361 713 2403 pia
859 2361 925 2397 ab.
955 2363 1053 2405 Quae,
1083 2363 1157 2395 dum
1183 2362 1285 2404 flevit,
1314 2364 1459 2399 abolevit

259 2409 429 2441 Advocata
456 2410 556 2450 lapsis
584 2409 661 2442 data
956 2411 1076 2452 Culpas
1094 2411 1212 2455 fiendo,
1233 2411 1370 2447 formam
1390 2415 1501 2449 dando

309 2458 368 2490 Est
396 2459 560 2498 surgondi.
1007 2460 1210 2495 Paenitendi.
