<?xml version="1.0" encoding="UTF-8"?>
<!DOCTYPE html PUBLIC "-//W3C//DTD XHTML 1.0 Transitional//EN"
    "http://www.w3.org/TR/xhtml1/DTD/xhtml1-transitional.dtd">
<html xmlns="http://www.w3.org/1999/xhtml" xml:lang="en" lang="en">
 <head>
  <title>
</title>
<meta http-equiv="Content-Type" content="text/html;charset=utf-8" />
  <meta name='ocr-system' content='tesseract 3.04.00' />
  <meta name='ocr-capabilities' content='ocr_page ocr_carea ocr_par ocr_line ocrx_word'/>
</head>
<body>
  <div class='ocr_page' id='page_1' title='image "./analectahymnica42drevuoft_0181.png"; bbox 0 0 1654 2756; ppageno 0'>
   <div class='ocr_carea' id='block_1_1' title="bbox 710 156 969 194">
    <p class='ocr_par' dir='ltr' id='par_1_1' title="bbox 710 156 969 194">
     <span class='ocr_line' id='line_1_1' title="bbox 710 156 969 194; baseline 0 -1"><span class='ocrx_word' id='word_1_1' title='bbox 710 156 969 194; x_wconf 83' lang='lat'>—178—</span> 
     </span>
    </p>
   </div>
   <div class='ocr_carea' id='block_1_2' title="bbox 212 251 1325 298">
    <p class='ocr_par' dir='ltr' id='par_1_2' title="bbox 212 251 1325 298">
     <span class='ocr_line' id='line_1_2' title="bbox 212 251 1325 298; baseline -0.005 -9"><span class='ocrx_word' id='word_1_2' title='bbox 212 259 272 291; x_wconf 87' lang='lat' dir='ltr'>5a.</span> <span class='ocrx_word' id='word_1_3' title='bbox 300 256 398 289; x_wconf 86' lang='lat' dir='ltr'>Cuius</span> <span class='ocrx_word' id='word_1_4' title='bbox 425 257 534 298; x_wconf 82' lang='lat' dir='ltr'>lingua</span> <span class='ocrx_word' id='word_1_5' title='bbox 560 255 712 297; x_wconf 86' lang='lat' dir='ltr'>expedita</span> <span class='ocrx_word' id='word_1_6' title='bbox 908 253 972 288; x_wconf 87' lang='lat' dir='ltr'>5b.</span> <span class='ocrx_word' id='word_1_7' title='bbox 999 253 1066 286; x_wconf 88' lang='lat' dir='ltr'>Iste</span> <span class='ocrx_word' id='word_1_8' title='bbox 1092 251 1152 285; x_wconf 86' lang='lat' dir='ltr'>fuit</span> <span class='ocrx_word' id='word_1_9' title='bbox 1179 252 1325 294; x_wconf 84' lang='lat' dir='ltr'>eremita,</span> 
     </span>
    </p>
   </div>
   <div class='ocr_carea' id='block_1_3' title="bbox 209 299 1516 1128">
    <p class='ocr_par' dir='ltr' id='par_1_3' title="bbox 209 299 1516 1128">
     <span class='ocr_line' id='line_1_3' title="bbox 301 299 1516 341; baseline -0.004 -4"><span class='ocrx_word' id='word_1_10' title='bbox 301 305 409 337; x_wconf 81' lang='lat' dir='ltr'>Corda</span> <span class='ocrx_word' id='word_1_11' title='bbox 436 305 518 337; x_wconf 89' lang='lat' dir='ltr'>dura</span> <span class='ocrx_word' id='word_1_12' title='bbox 543 309 617 337; x_wconf 88' lang='lat' dir='ltr'>sunt</span> <span class='ocrx_word' id='word_1_13' title='bbox 642 305 768 337; x_wconf 82' lang='lat' dir='ltr'>mollita</span> <span class='ocrx_word' id='word_1_14' title='bbox 997 302 1060 336; x_wconf 92' lang='lat' dir='ltr'>Per</span> <span class='ocrx_word' id='word_1_15' title='bbox 1085 310 1180 341; x_wconf 89' lang='lat' dir='ltr'>quem</span> <span class='ocrx_word' id='word_1_16' title='bbox 1200 300 1349 334; x_wconf 84' lang='lat' dir='ltr'>Christus</span> <span class='ocrx_word' id='word_1_17' title='bbox 1367 299 1516 334; x_wconf 87' lang='lat' dir='ltr'>inaudita</span> 
     </span>
     <span class='ocr_line' id='line_1_4' title="bbox 347 349 1338 393; baseline -0.002 -9"><span class='ocrx_word' id='word_1_18' title='bbox 347 352 452 385; x_wconf 84' lang='lat' dir='ltr'>Ducta</span> <span class='ocrx_word' id='word_1_19' title='bbox 480 352 690 393; x_wconf 84' lang='lat' dir='ltr'>paenitentia.</span> <span class='ocrx_word' id='word_1_20' title='bbox 1044 350 1138 382; x_wconf 84' lang='lat' dir='ltr'>Fecit</span> <span class='ocrx_word' id='word_1_21' title='bbox 1163 349 1338 382; x_wconf 85' lang='lat' dir='ltr'>mirabilia.</span> 
     </span>
     <span class='ocr_line' id='line_1_5' title="bbox 213 437 1451 481; baseline -0.002 -9"><span class='ocrx_word' id='word_1_22' title='bbox 213 443 273 473; x_wconf 75' lang='lat' dir='ltr'>tia.</span> <span class='ocrx_word' id='word_1_23' title='bbox 301 440 411 472; x_wconf 84' lang='lat' dir='ltr'>Mente</span> <span class='ocrx_word' id='word_1_24' title='bbox 437 441 599 481; x_wconf 84' lang='lat' dir='ltr'>poscimus</span> <span class='ocrx_word' id='word_1_25' title='bbox 622 441 761 472; x_wconf 82' lang='lat' dir='ltr'>contrita</span> <span class='ocrx_word' id='word_1_26' title='bbox 907 438 971 473; x_wconf 88' lang='lat' dir='ltr'>6b.</span> <span class='ocrx_word' id='word_1_27' title='bbox 998 438 1086 471; x_wconf 86' lang='lat' dir='ltr'>Rore</span> <span class='ocrx_word' id='word_1_28' title='bbox 1111 447 1206 471; x_wconf 83' lang='lat' dir='ltr'>sacro</span> <span class='ocrx_word' id='word_1_29' title='bbox 1231 448 1250 470; x_wconf 92' lang='grc' dir='ltr'><strong>ο</strong></span> <span class='ocrx_word' id='word_1_30' title='bbox 1279 437 1451 480; x_wconf 64' lang='lat' dir='ltr'>commate,</span> 
     </span>
     <span class='ocr_line' id='line_1_6' title="bbox 299 486 1433 527; baseline -0.002 -7"><span class='ocrx_word' id='word_1_31' title='bbox 299 489 382 521; x_wconf 85' lang='lat' dir='ltr'><strong>Pace</strong></span> <span class='ocrx_word' id='word_1_32' title='bbox 410 488 473 520; x_wconf 87' lang='lat' dir='ltr'>frui</span> <span class='ocrx_word' id='word_1_33' title='bbox 500 488 627 520; x_wconf 88' lang='lat' dir='ltr'>infinita</span> <span class='ocrx_word' id='word_1_34' title='bbox 996 487 1112 520; x_wconf 82' lang='lat' dir='ltr'>Pastor</span> <span class='ocrx_word' id='word_1_35' title='bbox 1139 487 1216 527; x_wconf 85' lang='lat' dir='ltr'>vigil</span> <span class='ocrx_word' id='word_1_36' title='bbox 1242 495 1302 527; x_wconf 90' lang='lat' dir='ltr'>pro</span> <span class='ocrx_word' id='word_1_37' title='bbox 1329 486 1433 519; x_wconf 85' lang='lat' dir='ltr'>salute</span> 
     </span>
     <span class='ocr_line' id='line_1_7' title="bbox 345 534 1430 577; baseline -0.002 -9"><span class='ocrx_word' id='word_1_38' title='bbox 345 537 408 568; x_wconf 82' lang='lat' dir='ltr'>Per</span> <span class='ocrx_word' id='word_1_39' title='bbox 434 537 501 569; x_wconf 86' lang='lat' dir='ltr'>eius</span> <span class='ocrx_word' id='word_1_40' title='bbox 526 536 688 577; x_wconf 82' lang='lat' dir='ltr'>suffragia.</span> <span class='ocrx_word' id='word_1_41' title='bbox 1046 535 1162 576; x_wconf 85' lang='lat' dir='ltr'>Gregis</span> <span class='ocrx_word' id='word_1_42' title='bbox 1188 539 1221 567; x_wconf 87' lang='lat' dir='ltr'>et</span> <span class='ocrx_word' id='word_1_43' title='bbox 1245 534 1430 574; x_wconf 83' lang='lat' dir='ltr'>concordia,</span> 
     </span>
     <span class='ocr_line' id='line_1_8' title="bbox 216 623 1398 665; baseline -0.003 -8"><span class='ocrx_word' id='word_1_44' title='bbox 216 625 276 657; x_wconf 84' lang='lat' dir='ltr'>7a.</span> <span class='ocrx_word' id='word_1_45' title='bbox 303 625 351 656; x_wconf 80' lang='lat' dir='ltr'>&#39;l’u</span> <span class='ocrx_word' id='word_1_46' title='bbox 377 625 517 656; x_wconf 87' lang='lat' dir='ltr'>servasti</span> <span class='ocrx_word' id='word_1_47' title='bbox 542 623 710 665; x_wconf 78' lang='lat' dir='ltr'>impollute</span> <span class='ocrx_word' id='word_1_48' title='bbox 908 623 969 656; x_wconf 81' lang='lat' dir='ltr'>7b.</span> <span class='ocrx_word' id='word_1_49' title='bbox 1004 623 1161 656; x_wconf 85' lang='lat' dir='ltr'>Strenuus</span> <span class='ocrx_word' id='word_1_50' title='bbox 1187 632 1206 655; x_wconf 84' lang='lat' dir='ltr'>a</span> <span class='ocrx_word' id='word_1_51' title='bbox 1232 624 1398 655; x_wconf 87' lang='lat' dir='ltr'>inventute</span> 
     </span>
     <span class='ocr_line' id='line_1_9' title="bbox 295 672 1353 713; baseline -0.001 -9"><span class='ocrx_word' id='word_1_52' title='bbox 295 672 360 704; x_wconf 90' lang='lat' dir='ltr'>Sub</span> <span class='ocrx_word' id='word_1_53' title='bbox 389 672 576 713; x_wconf 76' lang='lat' dir='ltr'>fragilitatis</span> <span class='ocrx_word' id='word_1_54' title='bbox 603 675 675 704; x_wconf 81' lang='lat' dir='ltr'>cute</span> <span class='ocrx_word' id='word_1_55' title='bbox 994 672 1162 712; x_wconf 87' lang='lat' dir='ltr'>Accepisti</span> <span class='ocrx_word' id='word_1_56' title='bbox 1187 675 1353 703; x_wconf 78' lang='lat' dir='ltr'>senectute</span> 
     </span>
     <span class='ocr_line' id='line_1_10' title="bbox 349 720 1365 763; baseline 0 -11"><span class='ocrx_word' id='word_1_57' title='bbox 349 720 528 763; x_wconf 86' lang='lat' dir='ltr'>Praecepta</span> <span class='ocrx_word' id='word_1_58' title='bbox 553 721 680 762; x_wconf 86' lang='lat' dir='ltr'>legalia.</span> <span class='ocrx_word' id='word_1_59' title='bbox 1045 720 1199 752; x_wconf 88' lang='lat' dir='ltr'>Bravium</span> <span class='ocrx_word' id='word_1_60' title='bbox 1226 720 1365 762; x_wconf 83' lang='lat' dir='ltr'>egregia.</span> 
     </span>
     <span class='ocr_line' id='line_1_11' title="bbox 212 806 1465 849; baseline -0.001 -10"><span class='ocrx_word' id='word_1_61' title='bbox 212 807 270 839; x_wconf 87' lang='lat' dir='ltr'>8a.</span> <span class='ocrx_word' id='word_1_62' title='bbox 298 808 396 849; x_wconf 80' lang='lat' dir='ltr'>Ergo,</span> <span class='ocrx_word' id='word_1_63' title='bbox 424 817 526 845; x_wconf 88' lang='lat' dir='ltr'>serve,</span> <span class='ocrx_word' id='word_1_64' title='bbox 554 809 608 847; x_wconf 87' lang='lat' dir='ltr'>qui</span> <span class='ocrx_word' id='word_1_65' title='bbox 634 807 756 840; x_wconf 85' lang='lat' dir='ltr'>talenta</span> <span class='ocrx_word' id='word_1_66' title='bbox 907 806 972 841; x_wconf 73' lang='lat' dir='ltr'>ab.</span> <span class='ocrx_word' id='word_1_67' title='bbox 1002 808 1053 840; x_wconf 86' lang='lat' dir='ltr'>Da</span> <span class='ocrx_word' id='word_1_68' title='bbox 1081 807 1238 840; x_wconf 91' lang='lat' dir='ltr'>bonorum</span> <span class='ocrx_word' id='word_1_69' title='bbox 1264 807 1465 839; x_wconf 82' lang='lat' dir='ltr'>incrementa</span> 
     </span>
     <span class='ocr_line' id='line_1_12' title="bbox 301 855 1412 898; baseline 0 -11"><span class='ocrx_word' id='word_1_70' title='bbox 301 855 492 898; x_wconf 80' lang='lat' dir='ltr'>Geminasti,</span> <span class='ocrx_word' id='word_1_71' title='bbox 521 856 710 889; x_wconf 83' lang='lat' dir='ltr'>documenta</span> <span class='ocrx_word' id='word_1_72' title='bbox 998 856 1138 896; x_wconf 84' lang='lat' dir='ltr'>Operum</span> <span class='ocrx_word' id='word_1_73' title='bbox 1166 859 1196 886; x_wconf 90' lang='lat' dir='ltr'>et</span> <span class='ocrx_word' id='word_1_74' title='bbox 1221 855 1412 888; x_wconf 84' lang='lat' dir='ltr'>indumenta</span> 
     </span>
     <span class='ocr_line' id='line_1_13' title="bbox 345 902 1343 946; baseline 0.001 -11"><span class='ocrx_word' id='word_1_75' title='bbox 345 903 467 944; x_wconf 90' lang='lat' dir='ltr'>Populo</span> <span class='ocrx_word' id='word_1_76' title='bbox 493 904 615 944; x_wconf 85' lang='lat' dir='ltr'>vitalia,</span> <span class='ocrx_word' id='word_1_77' title='bbox 1044 902 1148 936; x_wconf 89' lang='lat' dir='ltr'>Nobis</span> <span class='ocrx_word' id='word_1_78' title='bbox 1174 903 1343 946; x_wconf 83' lang='lat' dir='ltr'>nuptialia,</span> 
     </span>
     <span class='ocr_line' id='line_1_14' title="bbox 209 989 1493 1031; baseline -0.001 -8"><span class='ocrx_word' id='word_1_79' title='bbox 209 991 268 1025; x_wconf 84' lang='lat' dir='ltr'>9a.</span> <span class='ocrx_word' id='word_1_80' title='bbox 298 990 346 1022; x_wconf 86' lang='lat' dir='ltr'>Ne</span> <span class='ocrx_word' id='word_1_81' title='bbox 373 991 494 1031; x_wconf 89' lang='lat' dir='ltr'>captivi</span> <span class='ocrx_word' id='word_1_82' title='bbox 521 991 563 1023; x_wconf 88' lang='lat' dir='ltr'>ad</span> <span class='ocrx_word' id='word_1_83' title='bbox 588 992 732 1024; x_wconf 90' lang='lat' dir='ltr'>lamenta</span> <span class='ocrx_word' id='word_1_84' title='bbox 907 990 970 1024; x_wconf 88' lang='lat' dir='ltr'>9b.</span> <span class='ocrx_word' id='word_1_85' title='bbox 997 990 1071 1022; x_wconf 87' lang='lat' dir='ltr'>Non</span> <span class='ocrx_word' id='word_1_86' title='bbox 1096 990 1267 1031; x_wconf 83' lang='lat' dir='ltr'>permittas</span> <span class='ocrx_word' id='word_1_87' title='bbox 1293 991 1337 1023; x_wconf 86' lang='lat' dir='ltr'>ad</span> <span class='ocrx_word' id='word_1_88' title='bbox 1362 989 1493 1022; x_wconf 77' lang='lat' dir='ltr'>inferna</span> 
     </span>
     <span class='ocr_line' id='line_1_15' title="bbox 296 1039 1459 1080; baseline 0 -10"><span class='ocrx_word' id='word_1_89' title='bbox 296 1039 508 1078; x_wconf 85' lang='lat' dir='ltr'>Deputemur‚</span> <span class='ocrx_word' id='word_1_90' title='bbox 539 1039 581 1072; x_wconf 86' lang='lat' dir='ltr'>ad</span> <span class='ocrx_word' id='word_1_91' title='bbox 607 1042 766 1071; x_wconf 89' lang='lat' dir='ltr'>tormenta</span> <span class='ocrx_word' id='word_1_92' title='bbox 996 1039 1079 1071; x_wconf 91' lang='lat' dir='ltr'>Duci</span> <span class='ocrx_word' id='word_1_93' title='bbox 1104 1039 1162 1071; x_wconf 88' lang='lat' dir='ltr'>sed</span> <span class='ocrx_word' id='word_1_94' title='bbox 1190 1041 1232 1071; x_wconf 90' lang='lat' dir='ltr'>ad</span> <span class='ocrx_word' id='word_1_95' title='bbox 1258 1039 1459 1080; x_wconf 82' lang='lat' dir='ltr'>sempiterna</span> 
     </span>
     <span class='ocr_line' id='line_1_16' title="bbox 345 1086 1439 1128; baseline 0.001 -9"><span class='ocrx_word' id='word_1_96' title='bbox 345 1088 614 1120; x_wconf 82' lang='lat' dir='ltr'>Interminabilia.</span> <span class='ocrx_word' id='word_1_97' title='bbox 1043 1086 1110 1119; x_wconf 92' lang='lat' dir='ltr'>Nos</span> <span class='ocrx_word' id='word_1_98' title='bbox 1134 1087 1282 1127; x_wconf 89' lang='lat' dir='ltr'>polorum</span> <span class='ocrx_word' id='word_1_99' title='bbox 1309 1088 1439 1128; x_wconf 84' lang='lat' dir='ltr'>gaudia.</span> 
     </span>
    </p>
   </div>
   <div class='ocr_carea' id='block_1_4' title="bbox 180 1172 1516 1313">
    <p class='ocr_par' dir='ltr' id='par_1_4' title="bbox 180 1172 1516 1313">
     <span class='ocr_line' id='line_1_17' title="bbox 180 1172 1516 1215; baseline -0.001 -8"><span class='ocrx_word' id='word_1_100' title='bbox 180 1175 224 1207; x_wconf 84' lang='lat'>10</span> <span class='ocrx_word' id='word_1_101' title='bbox 237 1183 266 1206; x_wconf 86' lang='lat' dir='ltr'>a.</span> <span class='ocrx_word' id='word_1_102' title='bbox 303 1174 442 1206; x_wconf 83' lang='lat' dir='ltr'>Gusteut</span> <span class='ocrx_word' id='word_1_103' title='bbox 465 1180 552 1206; x_wconf 80' lang='lat' dir='ltr'>tuum</span> <span class='ocrx_word' id='word_1_104' title='bbox 579 1174 785 1208; x_wconf 80' lang='lat' dir='ltr'>sublevamen</span> <span class='ocrx_word' id='word_1_105' title='bbox 875 1173 920 1207; x_wconf 88' lang='lat'>10</span> <span class='ocrx_word' id='word_1_106' title='bbox 931 1172 961 1208; x_wconf 91' lang='lat' dir='ltr'>b.</span> <span class='ocrx_word' id='word_1_107' title='bbox 999 1175 1125 1207; x_wconf 85' lang='lat' dir='ltr'>Bellum</span> <span class='ocrx_word' id='word_1_108' title='bbox 1140 1179 1284 1207; x_wconf 86' lang='lat' dir='ltr'>nostrum</span> <span class='ocrx_word' id='word_1_109' title='bbox 1295 1175 1328 1207; x_wconf 88' lang='lat' dir='ltr'>in</span> <span class='ocrx_word' id='word_1_110' title='bbox 1341 1183 1516 1215; x_wconf 81' lang='lat' dir='ltr'>peccamen</span> 
     </span>
     <span class='ocr_line' id='line_1_18' title="bbox 298 1222 1486 1264; baseline 0.001 -11"><span class='ocrx_word' id='word_1_111' title='bbox 298 1222 371 1254; x_wconf 84' lang='lat' dir='ltr'>Hoc</span> <span class='ocrx_word' id='word_1_112' title='bbox 396 1223 538 1262; x_wconf 84' lang='lat' dir='ltr'>legentes</span> <span class='ocrx_word' id='word_1_113' title='bbox 566 1223 769 1256; x_wconf 87' lang='lat' dir='ltr'>modulamen</span> <span class='ocrx_word' id='word_1_114' title='bbox 999 1223 1103 1264; x_wconf 87' lang='lat' dir='ltr'>Regat</span> <span class='ocrx_word' id='word_1_115' title='bbox 1128 1223 1250 1256; x_wconf 88' lang='lat' dir='ltr'>Christi</span> <span class='ocrx_word' id='word_1_116' title='bbox 1276 1225 1486 1255; x_wconf 84' lang='lat' dir='ltr'>moderamen</span> 
     </span>
     <span class='ocr_line' id='line_1_19' title="bbox 348 1270 1382 1313; baseline 0.003 -12"><span class='ocrx_word' id='word_1_117' title='bbox 348 1270 412 1302; x_wconf 88' lang='lat' dir='ltr'>Pro</span> <span class='ocrx_word' id='word_1_118' title='bbox 438 1272 484 1302; x_wconf 90' lang='lat' dir='ltr'>tui</span> <span class='ocrx_word' id='word_1_119' title='bbox 510 1272 674 1304; x_wconf 88' lang='lat' dir='ltr'>memoria.</span> <span class='ocrx_word' id='word_1_120' title='bbox 1048 1272 1209 1304; x_wconf 81' lang='lat' dir='ltr'>Concessa</span> <span class='ocrx_word' id='word_1_121' title='bbox 1235 1272 1382 1313; x_wconf 72' lang='lat' dir='ltr'>victoria,</span> 
     </span>
    </p>
   </div>
   <div class='ocr_carea' id='block_1_5' title="bbox 179 1357 1502 1496">
    <p class='ocr_par' dir='ltr' id='par_1_5' title="bbox 179 1357 1502 1496">
     <span class='ocr_line' id='line_1_20' title="bbox 179 1357 1502 1400; baseline 0.002 -11"><span class='ocrx_word' id='word_1_122' title='bbox 179 1357 262 1390; x_wconf 78' lang='lat' dir='ltr'>lla.</span> <span class='ocrx_word' id='word_1_123' title='bbox 298 1358 341 1390; x_wconf 84' lang='lat' dir='ltr'>Ut</span> <span class='ocrx_word' id='word_1_124' title='bbox 375 1367 526 1398; x_wconf 85' lang='lat' dir='ltr'>queamus</span> <span class='ocrx_word' id='word_1_125' title='bbox 553 1363 625 1397; x_wconf 85' lang='lat' dir='ltr'>post</span> <span class='ocrx_word' id='word_1_126' title='bbox 653 1363 815 1391; x_wconf 88' lang='lat' dir='ltr'>certamen</span> <span class='ocrx_word' id='word_1_127' title='bbox 877 1359 918 1391; x_wconf 91' lang='lat'>11</span> <span class='ocrx_word' id='word_1_128' title='bbox 931 1357 963 1390; x_wconf 90' lang='lat' dir='ltr'>b.</span> <span class='ocrx_word' id='word_1_129' title='bbox 998 1358 1064 1391; x_wconf 89' lang='lat' dir='ltr'>Ubi</span> <span class='ocrx_word' id='word_1_130' title='bbox 1091 1359 1213 1390; x_wconf 88' lang='lat' dir='ltr'>nullum</span> <span class='ocrx_word' id='word_1_131' title='bbox 1240 1362 1289 1390; x_wconf 91' lang='lat' dir='ltr'>est</span> <span class='ocrx_word' id='word_1_132' title='bbox 1315 1368 1502 1400; x_wconf 80' lang='lat' dir='ltr'>gravamen,</span> 
     </span>
     <span class='ocr_line' id='line_1_21' title="bbox 297 1406 1425 1446; baseline 0.001 -8"><span class='ocrx_word' id='word_1_133' title='bbox 297 1406 455 1438; x_wconf 79' lang='lat' dir='ltr'>Coronati</span> <span class='ocrx_word' id='word_1_134' title='bbox 481 1410 596 1446; x_wconf 63' lang='lat' dir='ltr'>tecum7</span> <span class='ocrx_word' id='word_1_135' title='bbox 623 1406 729 1438; x_wconf 76' lang='lat' dir='ltr'>Amen</span> <span class='ocrx_word' id='word_1_136' title='bbox 994 1407 1172 1439; x_wconf 87' lang='lat' dir='ltr'>Perennale</span> <span class='ocrx_word' id='word_1_137' title='bbox 1198 1408 1256 1439; x_wconf 83' lang='lat' dir='ltr'>sed</span> <span class='ocrx_word' id='word_1_138' title='bbox 1282 1408 1425 1440; x_wconf 87' lang='lat' dir='ltr'>solamen</span> 
     </span>
     <span class='ocr_line' id='line_1_22' title="bbox 344 1454 1353 1496; baseline 0.003 -10"><span class='ocrx_word' id='word_1_139' title='bbox 344 1454 489 1487; x_wconf 84' lang='lat' dir='ltr'>Psallere</span> <span class='ocrx_word' id='word_1_140' title='bbox 515 1455 547 1485; x_wconf 92' lang='lat' dir='ltr'>in</span> <span class='ocrx_word' id='word_1_141' title='bbox 576 1455 696 1496; x_wconf 78' lang='lat' dir='ltr'>gloria3</span> <span class='ocrx_word' id='word_1_142' title='bbox 1040 1454 1184 1487; x_wconf 83' lang='lat' dir='ltr'>Exclusa</span> <span class='ocrx_word' id='word_1_143' title='bbox 1207 1455 1353 1489; x_wconf 83' lang='lat' dir='ltr'>tristitia.</span> 
     </span>
    </p>
   </div>
   <div class='ocr_carea' id='block_1_6' title="bbox 177 1539 1515 1692">
    <p class='ocr_par' dir='ltr' id='par_1_6' title="bbox 177 1539 1515 1692">
     <span class='ocr_line' id='line_1_23' title="bbox 177 1539 1513 1578; baseline 0.001 -11"><span class='ocrx_word' id='word_1_144' title='bbox 177 1543 211 1571; x_wconf 73' lang='grc'>1.,</span> <span class='ocrx_word' id='word_1_145' title='bbox 254 1541 335 1567; x_wconf 86' lang='lat' dir='ltr'>Orat.</span> <span class='ocrx_word' id='word_1_146' title='bbox 351 1545 380 1568; x_wconf 82' lang='lat' dir='ltr'>et</span> <span class='ocrx_word' id='word_1_147' title='bbox 401 1543 538 1577; x_wconf 54' lang='lat' dir='ltr'>sequent.</span> <span class='ocrx_word' id='word_1_148' title='bbox 554 1551 605 1568; x_wconf 85' lang='lat' dir='ltr'>ms.</span> <span class='ocrx_word' id='word_1_149' title='bbox 619 1543 782 1578; x_wconf 78' lang='lat' dir='ltr'>campense</span> <span class='ocrx_word' id='word_1_150' title='bbox 798 1542 868 1569; x_wconf 88' lang='lat' dir='ltr'>anni</span> <span class='ocrx_word' id='word_1_151' title='bbox 885 1539 969 1569; x_wconf 81' lang='lat'>1462.</span> <span class='ocrx_word' id='word_1_152' title='bbox 981 1541 1052 1570; x_wconf 88' lang='lat' dir='ltr'>Cod.</span> <span class='ocrx_word' id='word_1_153' title='bbox 1065 1542 1284 1569; x_wconf 87' lang='lat' dir='ltr'>Darmstadien.</span> <span class='ocrx_word' id='word_1_154' title='bbox 1297 1540 1362 1569; x_wconf 78' lang='lat'>521.</span> <span class='ocrx_word' id='word_1_155' title='bbox 1376 1556 1406 1560; x_wconf 93' lang='lat'>—-</span> <span class='ocrx_word' id='word_1_156' title='bbox 1423 1541 1476 1576; x_wconf 66' lang='lat'>21),</span> <span class='ocrx_word' id='word_1_157' title='bbox 1500 1541 1513 1569; x_wconf 92' lang='lat'>1</span> 
     </span>
     <span class='ocr_line' id='line_1_24' title="bbox 181 1580 1515 1616; baseline 0.001 -10"><span class='ocrx_word' id='word_1_158' title='bbox 181 1581 295 1607; x_wconf 78' lang='lat' dir='ltr'>cunctis</span> <span class='ocrx_word' id='word_1_159' title='bbox 316 1584 426 1614; x_wconf 85' lang='lat' dir='ltr'>gratus.</span> <span class='ocrx_word' id='word_1_160' title='bbox 445 1595 477 1599; x_wconf 76' lang='lat'>-</span> <span class='ocrx_word' id='word_1_161' title='bbox 495 1581 584 1608; x_wconf 78' lang='lat' dir='ltr'>Diese</span> <span class='ocrx_word' id='word_1_162' title='bbox 608 1580 760 1616; x_wconf 79' lang='lat' dir='ltr'>Dichtung</span> <span class='ocrx_word' id='word_1_163' title='bbox 781 1580 859 1607; x_wconf 77' lang='lat' dir='ltr'>steht</span> <span class='ocrx_word' id='word_1_164' title='bbox 880 1580 1027 1608; x_wconf 85' lang='lat' dir='ltr'>zwischen</span> <span class='ocrx_word' id='word_1_165' title='bbox 1049 1580 1101 1607; x_wconf 88' lang='lat' dir='ltr'>der</span> <span class='ocrx_word' id='word_1_166' title='bbox 1116 1582 1418 1616; x_wconf 73' lang='lat' dir='ltr'>Sequenzengmppe.</span> <span class='ocrx_word' id='word_1_167' title='bbox 1454 1582 1515 1608; x_wconf 85' lang='lat' dir='ltr'>Der</span> 
     </span>
     <span class='ocr_line' id='line_1_25' title="bbox 181 1616 1513 1654; baseline 0.002 -10"><span class='ocrx_word' id='word_1_168' title='bbox 181 1619 255 1645; x_wconf 72' lang='lat' dir='ltr'>vers</span> <span class='ocrx_word' id='word_1_169' title='bbox 273 1616 307 1645; x_wconf 85' lang='lat'>10</span> <span class='ocrx_word' id='word_1_170' title='bbox 316 1626 342 1649; x_wconf 85' lang='lat' dir='ltr'>a,</span> <span class='ocrx_word' id='word_1_171' title='bbox 362 1618 379 1644; x_wconf 83' lang='lat'>2</span> <span class='ocrx_word' id='word_1_172' title='bbox 397 1620 479 1652; x_wconf 83' lang='lat' dir='ltr'>„Hoc</span> <span class='ocrx_word' id='word_1_173' title='bbox 496 1619 673 1654; x_wconf 82' lang='lat' dir='ltr'>legentes</span> <span class='ocrx_word' id='word_1_174' title='bbox 695 1618 900 1646; x_wconf 83' lang='lat' dir='ltr'>modulamen“</span> <span class='ocrx_word' id='word_1_175' title='bbox 924 1619 1023 1645; x_wconf 86' lang='lat' dir='ltr'>macht</span> <span class='ocrx_word' id='word_1_176' title='bbox 1044 1627 1074 1645; x_wconf 72' lang='lat' dir='ltr'>es</span> <span class='ocrx_word' id='word_1_177' title='bbox 1097 1619 1168 1646; x_wconf 80' lang='lat' dir='ltr'>aber</span> <span class='ocrx_word' id='word_1_178' title='bbox 1182 1618 1370 1651; x_wconf 70' lang='lat' dir='ltr'>zweifefflaft,</span> <span class='ocrx_word' id='word_1_179' title='bbox 1394 1621 1432 1647; x_wconf 89' lang='lat' dir='ltr'>ob</span> <span class='ocrx_word' id='word_1_180' title='bbox 1448 1621 1513 1647; x_wconf 86' lang='lat' dir='ltr'>eine</span> 
     </span>
     <span class='ocr_line' id='line_1_26' title="bbox 182 1657 1104 1692; baseline 0.001 -10"><span class='ocrx_word' id='word_1_181' title='bbox 182 1657 316 1691; x_wconf 81' lang='lat' dir='ltr'>Sequenz</span> <span class='ocrx_word' id='word_1_182' title='bbox 345 1657 413 1684; x_wconf 77' lang='lat' dir='ltr'>oder</span> <span class='ocrx_word' id='word_1_183' title='bbox 437 1657 520 1684; x_wconf 88' lang='lat' dir='ltr'>nicht</span> <span class='ocrx_word' id='word_1_184' title='bbox 540 1657 683 1684; x_wconf 84' lang='lat' dir='ltr'>vielmehr</span> <span class='ocrx_word' id='word_1_185' title='bbox 704 1659 752 1684; x_wconf 91' lang='lat' dir='ltr'>ein</span> <span class='ocrx_word' id='word_1_186' title='bbox 773 1658 947 1692; x_wconf 85' lang='lat' dir='ltr'>Reimgebet</span> <span class='ocrx_word' id='word_1_187' title='bbox 966 1657 1104 1692; x_wconf 78' lang='lat' dir='ltr'>vorliegt.</span> 
     </span>
    </p>
   </div>
   <div class='ocr_carea' id='block_1_7' title="bbox 553 1750 1136 1791">
    <p class='ocr_par' dir='ltr' id='par_1_7' title="bbox 553 1750 1136 1791">
     <span class='ocr_line' id='line_1_27' title="bbox 553 1750 1136 1791; baseline 0.002 -10"><span class='ocrx_word' id='word_1_188' title='bbox 553 1750 613 1783; x_wconf 82' lang='lat'>190.</span> <span class='ocrx_word' id='word_1_189' title='bbox 650 1750 690 1782; x_wconf 83' lang='lat' dir='ltr'>De</span> <span class='ocrx_word' id='word_1_190' title='bbox 724 1754 837 1782; x_wconf 82' lang='lat' dir='ltr'>sancta</span> <span class='ocrx_word' id='word_1_191' title='bbox 857 1750 1001 1791; x_wconf 84' lang='lat' dir='ltr'>Birgitta</span> <span class='ocrx_word' id='word_1_192' title='bbox 1023 1750 1136 1782; x_wconf 85' lang='lat' dir='ltr'>Vidua.</span> 
     </span>
    </p>
   </div>
   <div class='ocr_carea' id='block_1_8' title="bbox 182 1822 1516 1963">
    <p class='ocr_par' dir='ltr' id='par_1_8' title="bbox 182 1822 1516 1963">
     <span class='ocr_line' id='line_1_28' title="bbox 182 1822 1514 1865; baseline 0 -9"><span class='ocrx_word' id='word_1_193' title='bbox 182 1824 239 1856; x_wconf 82' lang='lat' dir='ltr'>la.</span> <span class='ocrx_word' id='word_1_194' title='bbox 276 1822 389 1855; x_wconf 85' lang='lat' dir='ltr'>Gaude</span> <span class='ocrx_word' id='word_1_195' title='bbox 415 1823 548 1863; x_wconf 87' lang='lat' dir='ltr'>caelum,</span> <span class='ocrx_word' id='word_1_196' title='bbox 575 1827 663 1854; x_wconf 81' lang='lat' dir='ltr'>terra</span> <span class='ocrx_word' id='word_1_197' title='bbox 681 1822 811 1863; x_wconf 86' lang='lat' dir='ltr'>plaude,</span> <span class='ocrx_word' id='word_1_198' title='bbox 875 1824 890 1856; x_wconf 94' lang='lat'>1</span> <span class='ocrx_word' id='word_1_199' title='bbox 907 1822 938 1856; x_wconf 91' lang='lat' dir='ltr'>b.</span> <span class='ocrx_word' id='word_1_200' title='bbox 973 1823 1132 1863; x_wconf 81' lang='lat' dir='ltr'>Quantum</span> <span class='ocrx_word' id='word_1_201' title='bbox 1151 1827 1254 1862; x_wconf 79' lang='lat' dir='ltr'>potes,</span> <span class='ocrx_word' id='word_1_202' title='bbox 1275 1827 1399 1856; x_wconf 87' lang='lat' dir='ltr'>tantum</span> <span class='ocrx_word' id='word_1_203' title='bbox 1419 1825 1514 1865; x_wconf 84' lang='lat' dir='ltr'>aude,</span> 
     </span>
     <span class='ocr_line' id='line_1_29' title="bbox 274 1869 1516 1912; baseline 0.001 -9"><span class='ocrx_word' id='word_1_204' title='bbox 274 1871 357 1903; x_wconf 88' lang='lat' dir='ltr'>Nam</span> <span class='ocrx_word' id='word_1_205' title='bbox 385 1871 535 1912; x_wconf 86' lang='lat' dir='ltr'>Brigitta,</span> <span class='ocrx_word' id='word_1_206' title='bbox 566 1871 663 1911; x_wconf 84' lang='lat' dir='ltr'>digna</span> <span class='ocrx_word' id='word_1_207' title='bbox 680 1870 788 1911; x_wconf 87' lang='lat' dir='ltr'>laude,</span> <span class='ocrx_word' id='word_1_208' title='bbox 975 1869 1120 1911; x_wconf 84' lang='lat' dir='ltr'>Simplex</span> <span class='ocrx_word' id='word_1_209' title='bbox 1146 1880 1283 1912; x_wconf 88' lang='lat' dir='ltr'>namque</span> <span class='ocrx_word' id='word_1_210' title='bbox 1309 1873 1379 1905; x_wconf 90' lang='lat' dir='ltr'>siue</span> <span class='ocrx_word' id='word_1_211' title='bbox 1399 1872 1516 1906; x_wconf 77' lang='lat' dir='ltr'>fraude</span> 
     </span>
     <span class='ocr_line' id='line_1_30' title="bbox 323 1918 1477 1963; baseline 0.003 -12"><span class='ocrx_word' id='word_1_212' title='bbox 323 1919 366 1951; x_wconf 83' lang='lat' dir='ltr'>Ut</span> <span class='ocrx_word' id='word_1_213' title='bbox 393 1919 474 1951; x_wconf 88' lang='lat' dir='ltr'>caeli</span> <span class='ocrx_word' id='word_1_214' title='bbox 500 1918 589 1951; x_wconf 86' lang='lat' dir='ltr'>sidus</span> <span class='ocrx_word' id='word_1_215' title='bbox 616 1919 746 1959; x_wconf 76' lang='lat' dir='ltr'>micuit3</span> <span class='ocrx_word' id='word_1_216' title='bbox 1024 1920 1118 1952; x_wconf 85' lang='lat' dir='ltr'>Vitae</span> <span class='ocrx_word' id='word_1_217' title='bbox 1144 1929 1288 1952; x_wconf 86' lang='lat' dir='ltr'>normam</span> <span class='ocrx_word' id='word_1_218' title='bbox 1315 1921 1477 1963; x_wconf 81' lang='lat' dir='ltr'>praebuit.</span> 
     </span>
    </p>
   </div>
   <div class='ocr_carea' id='block_1_9' title="bbox 176 2005 1425 2053">
    <p class='ocr_par' dir='ltr' id='par_1_9' title="bbox 176 2005 1425 2053">
     <span class='ocr_line' id='line_1_31' title="bbox 176 2005 1425 2053; baseline 0.002 -13"><span class='ocrx_word' id='word_1_219' title='bbox 176 2008 238 2040; x_wconf 84' lang='lat' dir='ltr'>2a.</span> <span class='ocrx_word' id='word_1_220' title='bbox 272 2007 363 2039; x_wconf 87' lang='lat' dir='ltr'>Haec</span> <span class='ocrx_word' id='word_1_221' title='bbox 388 2006 428 2038; x_wconf 86' lang='lat' dir='ltr'>de</span> <span class='ocrx_word' id='word_1_222' title='bbox 453 2015 562 2047; x_wconf 84' lang='lat' dir='ltr'>regum</span> <span class='ocrx_word' id='word_1_223' title='bbox 589 2005 686 2038; x_wconf 89' lang='lat' dir='ltr'>ramis</span> <span class='ocrx_word' id='word_1_224' title='bbox 713 2009 799 2048; x_wconf 87' lang='lat' dir='ltr'>nata,</span> <span class='ocrx_word' id='word_1_225' title='bbox 877 2005 943 2041; x_wconf 87' lang='lat' dir='ltr'>2b.</span> <span class='ocrx_word' id='word_1_226' title='bbox 978 2006 1039 2039; x_wconf 87' lang='lat' dir='ltr'>Est</span> <span class='ocrx_word' id='word_1_227' title='bbox 1065 2007 1174 2048; x_wconf 82' lang='lat' dir='ltr'>egenis</span> <span class='ocrx_word' id='word_1_228' title='bbox 1200 2008 1310 2040; x_wconf 76' lang='lat' dir='ltr'>nutrix</span> <span class='ocrx_word' id='word_1_229' title='bbox 1336 2009 1425 2053; x_wconf 80' lang='lat' dir='ltr'>data,</span> 
     </span>
    </p>
   </div>
   <div class='ocr_carea' id='block_1_10' title="bbox 173 2054 1454 2466">
    <p class='ocr_par' dir='ltr' id='par_1_10' title="bbox 173 2054 1454 2466">
     <span class='ocr_line' id='line_1_32' title="bbox 271 2054 1371 2094; baseline 0.001 -6"><span class='ocrx_word' id='word_1_230' title='bbox 271 2057 345 2088; x_wconf 89' lang='lat' dir='ltr'>Iesu</span> <span class='ocrx_word' id='word_1_231' title='bbox 374 2054 494 2087; x_wconf 81' lang='lat' dir='ltr'>Christi</span> <span class='ocrx_word' id='word_1_232' title='bbox 520 2063 639 2094; x_wconf 88' lang='lat' dir='ltr'>sponsa</span> <span class='ocrx_word' id='word_1_233' title='bbox 664 2057 767 2094; x_wconf 86' lang='lat' dir='ltr'>grata,</span> <span class='ocrx_word' id='word_1_234' title='bbox 972 2056 1185 2088; x_wconf 87' lang='lat' dir='ltr'>Almanorum</span> <span class='ocrx_word' id='word_1_235' title='bbox 1211 2057 1371 2090; x_wconf 85' lang='lat' dir='ltr'>advocata</span> 
     </span>
     <span class='ocr_line' id='line_1_33' title="bbox 344 2102 1454 2145; baseline 0.003 -9"><span class='ocrx_word' id='word_1_236' title='bbox 344 2103 484 2136; x_wconf 90' lang='lat' dir='ltr'>Thronis</span> <span class='ocrx_word' id='word_1_237' title='bbox 511 2103 592 2135; x_wconf 84' lang='lat' dir='ltr'>caeli</span> <span class='ocrx_word' id='word_1_238' title='bbox 617 2102 778 2144; x_wconf 77' lang='lat' dir='ltr'>iungitur3</span> <span class='ocrx_word' id='word_1_239' title='bbox 1023 2104 1067 2135; x_wconf 91' lang='lat' dir='ltr'>Et</span> <span class='ocrx_word' id='word_1_240' title='bbox 1094 2104 1228 2137; x_wconf 86' lang='lat' dir='ltr'>Sueciae</span> <span class='ocrx_word' id='word_1_241' title='bbox 1254 2105 1454 2145; x_wconf 88' lang='lat' dir='ltr'>praeficitur.</span> 
     </span>
     <span class='ocr_line' id='line_1_34' title="bbox 174 2188 1411 2230; baseline 0.002 -7"><span class='ocrx_word' id='word_1_242' title='bbox 174 2193 232 2224; x_wconf 84' lang='lat' dir='ltr'>3a.</span> <span class='ocrx_word' id='word_1_243' title='bbox 269 2191 366 2230; x_wconf 88' lang='lat' dir='ltr'>Virgo</span> <span class='ocrx_word' id='word_1_244' title='bbox 392 2193 494 2224; x_wconf 86' lang='lat' dir='ltr'>mater</span> <span class='ocrx_word' id='word_1_245' title='bbox 515 2190 598 2222; x_wconf 85' lang='lat' dir='ltr'>hanc</span> <span class='ocrx_word' id='word_1_246' title='bbox 623 2189 763 2229; x_wconf 87' lang='lat' dir='ltr'>ornavit,</span> <span class='ocrx_word' id='word_1_247' title='bbox 877 2188 942 2222; x_wconf 87' lang='lat' dir='ltr'>3b.</span> <span class='ocrx_word' id='word_1_248' title='bbox 978 2189 1107 2222; x_wconf 80' lang='lat' dir='ltr'>Exhinc</span> <span class='ocrx_word' id='word_1_249' title='bbox 1129 2191 1163 2222; x_wconf 91' lang='lat' dir='ltr'>in</span> <span class='ocrx_word' id='word_1_250' title='bbox 1188 2201 1224 2223; x_wconf 88' lang='lat' dir='ltr'>se</span> <span class='ocrx_word' id='word_1_251' title='bbox 1249 2193 1411 2225; x_wconf 85' lang='lat' dir='ltr'>radicavit</span> 
     </span>
     <span class='ocr_line' id='line_1_35' title="bbox 267 2238 1430 2280; baseline 0.002 -8"><span class='ocrx_word' id='word_1_252' title='bbox 267 2239 360 2272; x_wconf 88' lang='lat' dir='ltr'>Serto</span> <span class='ocrx_word' id='word_1_253' title='bbox 390 2239 470 2272; x_wconf 84' lang='lat' dir='ltr'>miro</span> <span class='ocrx_word' id='word_1_254' title='bbox 497 2239 664 2271; x_wconf 84' lang='lat' dir='ltr'>coronavit</span> <span class='ocrx_word' id='word_1_255' title='bbox 976 2238 1162 2277; x_wconf 83' lang='lat' dir='ltr'>Caritatem‚</span> <span class='ocrx_word' id='word_1_256' title='bbox 1190 2249 1253 2280; x_wconf 81' lang='lat' dir='ltr'>qua</span> <span class='ocrx_word' id='word_1_257' title='bbox 1279 2238 1430 2274; x_wconf 86' lang='lat' dir='ltr'>fundavit</span> 
     </span>
     <span class='ocr_line' id='line_1_36' title="bbox 315 2287 1322 2327; baseline 0.002 -7"><span class='ocrx_word' id='word_1_258' title='bbox 315 2288 353 2320; x_wconf 88' lang='lat' dir='ltr'>In</span> <span class='ocrx_word' id='word_1_259' title='bbox 381 2291 488 2320; x_wconf 84' lang='lat' dir='ltr'>aetate</span> <span class='ocrx_word' id='word_1_260' title='bbox 512 2290 644 2327; x_wconf 73' lang='lat' dir='ltr'>tenera3</span> <span class='ocrx_word' id='word_1_261' title='bbox 1024 2287 1188 2319; x_wconf 87' lang='lat' dir='ltr'>Passionis</span> <span class='ocrx_word' id='word_1_262' title='bbox 1213 2297 1322 2322; x_wconf 90' lang='lat' dir='ltr'>onera.</span> 
     </span>
     <span class='ocr_line' id='line_1_37' title="bbox 173 2372 1408 2420; baseline 0.001 -13"><span class='ocrx_word' id='word_1_263' title='bbox 173 2375 236 2409; x_wconf 68' lang='lat'>48.</span> <span class='ocrx_word' id='word_1_264' title='bbox 271 2376 296 2408; x_wconf 95' lang='lat' dir='ltr'>O</span> <span class='ocrx_word' id='word_1_265' title='bbox 324 2376 437 2407; x_wconf 87' lang='lat' dir='ltr'>relicta</span> <span class='ocrx_word' id='word_1_266' title='bbox 463 2379 498 2408; x_wconf 91' lang='lat' dir='ltr'>tu</span> <span class='ocrx_word' id='word_1_267' title='bbox 522 2374 669 2417; x_wconf 86' lang='lat' dir='ltr'>insignis,</span> <span class='ocrx_word' id='word_1_268' title='bbox 876 2372 940 2407; x_wconf 84' lang='lat' dir='ltr'>4b.</span> <span class='ocrx_word' id='word_1_269' title='bbox 977 2373 1021 2406; x_wconf 87' lang='lat' dir='ltr'>Et</span> <span class='ocrx_word' id='word_1_270' title='bbox 1047 2373 1174 2406; x_wconf 88' lang='lat' dir='ltr'>Mariae</span> <span class='ocrx_word' id='word_1_271' title='bbox 1199 2374 1264 2408; x_wconf 86' lang='lat' dir='ltr'>fide</span> <span class='ocrx_word' id='word_1_272' title='bbox 1291 2376 1408 2420; x_wconf 82' lang='lat' dir='ltr'>dignis,</span> 
     </span>
     <span class='ocr_line' id='line_1_38' title="bbox 270 2421 1424 2466; baseline 0.002 -10"><span class='ocrx_word' id='word_1_273' title='bbox 270 2424 317 2456; x_wconf 91' lang='lat' dir='ltr'>Te</span> <span class='ocrx_word' id='word_1_274' title='bbox 343 2424 522 2465; x_wconf 86' lang='lat' dir='ltr'>praeclaris</span> <span class='ocrx_word' id='word_1_275' title='bbox 547 2427 642 2457; x_wconf 89' lang='lat' dir='ltr'>ornat</span> <span class='ocrx_word' id='word_1_276' title='bbox 667 2423 768 2465; x_wconf 85' lang='lat' dir='ltr'>signis</span> <span class='ocrx_word' id='word_1_277' title='bbox 977 2421 1085 2454; x_wconf 85' lang='lat' dir='ltr'>Fulsit</span> <span class='ocrx_word' id='word_1_278' title='bbox 1110 2432 1202 2456; x_wconf 88' lang='lat' dir='ltr'>amor</span> <span class='ocrx_word' id='word_1_279' title='bbox 1227 2424 1315 2457; x_wconf 73' lang='lat' dir='ltr'>velut</span> <span class='ocrx_word' id='word_1_280' title='bbox 1339 2425 1424 2466; x_wconf 86' lang='lat' dir='ltr'>ignis</span> 
     </span>
    </p>
   </div>
   <div class='ocr_carea' id='block_1_11' title="bbox 321 2470 1371 2514">
    <p class='ocr_par' dir='ltr' id='par_1_11' title="bbox 321 2470 1371 2514">
     <span class='ocr_line' id='line_1_39' title="bbox 321 2470 1371 2514; baseline 0.001 -9"><span class='ocrx_word' id='word_1_281' title='bbox 321 2472 383 2505; x_wconf 89' lang='lat' dir='ltr'>Tui</span> <span class='ocrx_word' id='word_1_282' title='bbox 410 2473 520 2512; x_wconf 88' lang='lat' dir='ltr'>sponsi</span> <span class='ocrx_word' id='word_1_283' title='bbox 545 2472 654 2514; x_wconf 87' lang='lat' dir='ltr'>passio</span> <span class='ocrx_word' id='word_1_284' title='bbox 1025 2470 1143 2504; x_wconf 80' lang='lat' dir='ltr'>cordis</span> <span class='ocrx_word' id='word_1_285' title='bbox 1169 2472 1217 2505; x_wconf 85' lang='lat' dir='ltr'>tui</span> <span class='ocrx_word' id='word_1_286' title='bbox 1243 2474 1371 2506; x_wconf 86' lang='lat' dir='ltr'>scrinio.</span> 
     </span>
    </p>
   </div>
  </div>
 </body>
</html>
