1654 2756
687 173 950 209 —179-

141 270 202 302 5a.
237 267 324 301 Dum
349 269 383 301 in
410 269 488 303 Sion
514 273 559 303 tu*
575 269 678 312 fuisti,
850 272 914 306 5b.
947 273 1087 305 Domum
1112 274 1206 313 panis
1232 281 1304 305 euni
1330 272 1463 311 venisti,

237 318 373 351 Passum
401 318 567 352 Christum
601 323 637 353 tu
663 320 788 361 vidisti,
946 321 996 354 De
1022 321 1130 355 Maria
1157 320 1218 353 tibi
1243 320 1365 354 Christi

291 367 386 400 Cruci
414 368 544 408 quando
569 367 734 411 affigitur,
995 369 1158 402 Nativitas
1179 369 1373 404 ostenditur.

144 465 205 497 6a.
243 463 306 506 En,
334 464 382 496 sic
408 465 556 498 Christus
583 468 615 497 te
642 465 759 498 dilexit
850 465 912 500 6b.
948 466 1077 498 Morum
1104 464 1210 505 flores,
1239 475 1317 506 quos
1347 465 1469 498 detexit

242 511 401 553 Sponsam
421 523 523 555 suam,
551 523 645 554 quam
664 514 788 557 allexit,
949 514 1068 546 Gnaris
1095 514 1185 552 viris,
1215 514 1247 546 in
1275 518 1306 546 te
1334 514 1434 554 nexit⁷

292 561 336 594 Ut
363 570 483 594 arcana
509 562 690 602 panderes3
997 562 1043 595 Ut
1075 571 1129 594 eos
1155 571 1319 603 argueres.

145 658 206 690 7³.
245 657 329 690 Vere
356 655 447 697 felix,
474 661 508 690 tu
537 657 644 698 beata,
855 658 920 692 7b.
959 658 1054 691 Miris
1081 658 1180 698 signis
1207 667 1244 690 ac
1270 663 1395 700 ornata,

241 707 330 746 Quae
356 706 388 738 in
417 706 512 739 terris
538 711 587 739 est
613 708 721 740 levata
954 707 1076 748 Quibus
1100 710 1228 739 constas
1255 707 1399 739 exaltata

294 753 339 787 Ut
364 755 472 788 Maria
499 755 706 796 Magdalena,
999 756 1053 788 Ad
1081 755 1257 788 Cherubin]
1284 763 1428 789 amoena.

150 852 211 884 8a.
250 851 392 892 Leptam
417 853 576 885 mundans
596 856 627 884 et
645 853 796 887 attractis
859 852 922 886 8b.
960 853 1083 885 surdos
1110 861 1238 891 curans,
1267 852 1371 884 caecis
1399 850 1494 883 factis

243 899 400 933 Gressum
411 901 572 943 praebens
582 910 620 934 ac
633 901 810 934 confractis
954 901 1077 933 Lumen
1105 900 1229 943 reddis,
1256 904 1361 932 morte
1387 900 1483 932 tactis

296 947 491 990 Fugansque
516 950 697 991 daemonia,
1006 949 1073 981 Das
1099 949 1230 982 vivendi
1256 950 1373 989 spatia.

149 1046 208 1078 9a.
245 1045 343 1086 Ergo,
371 1049 477 1078 mater
503 1050 534 1078 et
559 1050 718 1087 matrona,
854 1045 918 1078 9b.
955 1045 1098 1077 Trinitas
1123 1048 1159 1076 ut
1184 1044 1362 1076 altithrona

247 1093 368 1126 Nostra
393 1095 449 1134 pia
475 1094 520 1126 sis
545 1099 693 1138 patrona,
952 1093 1156 1132 Sempiterna
1182 1101 1239 1124 nos
1267 1102 1386 1124 corona

296 1142 516 1176 Interventrix
544 1143 670 1181 sedula,
1000 1140 1171 1172 Laetificet
1197 1141 1229 1172 in
1257 1141 1397 1175 saecula,

224 1219 314 1247 Grad.
337 1227 391 1246 ms.
413 1219 443 1247 S.
466 1220 613 1254 Brigittae
636 1219 826 1246 coloniensis
849 1219 921 1246 anni
946 1215 1029 1245 1507.
1053 1215 1123 1243 Cod.
1147 1216 1176 1243 S.
1200 1217 1323 1243 Martini
1340 1216 1495 1243 Colonien.

149 1258 242 1286 XXV.
276 1258 310 1285 A.
344 1271 382 1276 —-
412 1258 497 1285 Miss.
531 1258 781 1286 Hildensemense
816 1259 887 1293 imp.
918 1256 1134 1291 Nurenbergae
1170 1252 1254 1282 1499.
1278 1256 1311 1282 13.
1344 1270 1380 1274 ——
1411 1255 1497 1281 Miss.

146 1296 399 1325 Hildensemeuse
433 1297 504 1333 imp.
526 1296 739 1333 Nureubergae
763 1295 837 1324 1511
861 1296 894 1324 C.
916 1309 953 1314 —-
975 1293 1026 1322 2a.
1050 1293 1064 1321 1
1087 1295 1177 1321 ramis
1202 1302 1304 1329 regum
1328 1294 1361 1320 A.
1384 1307 1421 1311 —-
1441 1293 1494 1320 41).

147 1333 165 1364 3
187 1337 230 1364 Ac
252 1336 350 1363 cordis
370 1334 454 1364 ABC.
477 1352 514 1356 -—
536 1334 590 1369 5³,
611 1333 630 1362 3
652 1336 741 1363 Cruci
764 1335 844 1372 quod
867 1335 954 1362 ABC.
977 1348 1012 1353 —-
1037 1332 1089 1365 Ga,
1116 1331 1129 1360 1
1153 1335 1196 1360 sic
1218 1332 1293 1360 fehlt
1310 1333 1366 1360 BC.
1392 1348 1425 1352 -—
1442 1331 1495 1364 91),

154 1374 167 1402 1
190 1375 348 1403 Trinitatis
378 1377 411 1402 tu
432 1374 464 1402 C.
485 1389 523 1394 -—
544 1375 606 1402 Der
627 1378 705 1402 erste
727 1375 802 1403 Vere
825 1376 865 1402 ist
886 1374 985 1401 vielen
1008 1372 1183 1408 Sequenzen
1207 1372 1406 1408 genieiusam,
1437 1379 1497 1397 was

148 1413 377 1442 Misset-Weale
409 1422 445 1441 zu
472 1414 539 1441 dem
559 1414 715 1442 Versehen
742 1413 884 1441 verleitet
910 1412 976 1444 hat,
1005 1411 1087 1439 diese
1110 1411 1247 1447 Sequenz
1276 1410 1320 1438 als
1351 1410 1500 1438 ideutisch

150 1454 203 1480 mit
225 1452 277 1480 der
301 1461 360 1480 von
382 1453 514 1481 Kehrein
534 1453 589 1486 (Nr
610 1451 679 1485 568)
700 1453 902 1489 publizierten
924 1451 1108 1487 anzugeben.

545 1546 601 1578 191.
634 1547 678 1578 De
701 1547 814 1578 saneta
835 1544 978 1585 Birgitta
999 1543 1114 1575 Vidua.

151 1632 212 1666 la.
239 1630 431 1663 Insistentes
459 1630 640 1662 cantilenae
859 1630 875 1662 1
891 1628 922 1661 b.
962 1628 1042 1660 Cum
1071 1627 1111 1658 de
1138 1626 1258 1658 mundo
1285 1624 1474 1667 philomena

247 1676 495 1712 conformemus
521 1679 728 1720 philomenae
957 1676 1100 1709 Cantans
1126 1675 1213 1707 volat
1241 1674 1283 1706 ad
1312 1682 1446 1705 amoena

297 1728 400 1761 Voces
428 1730 459 1760 et
485 1727 690 1768 praecordia,
1006 1725 1157 1758 Paradisi
1185 1723 1314 1764 gaudia.

151 1827 211 1860 aa.
250 1824 318 1857 Nos
344 1825 518 1866 Brigittam
546 1828 739 1857 venerantes
859 1824 923 1857 2b.
959 1824 1006 1857 Ut
1030 1823 1132 1863 ipsius
1156 1821 1321 1853 imitemur

248 1875 354 1907 Decet
380 1882 450 1906 esse
476 1874 523 1906 sic
548 1875 710 1907 laetantes
956 1873 1070 1915 Actus,
1098 1879 1204 1903 mores
1231 1869 1423 1902 comitemur

297 1923 335 1955 In
361 1924 430 1955 eius
456 1923 647 1963 sollemniis,
1006 1920 1087 1954 Cum
1114 1919 1220 1961 dignis
1248 1918 1423 1959 obsequiis.

152 2023 214 2057 3a.
242 2021 335 2054 Haec
361 2023 420 2064 est,
449 2021 501 2054 cui
527 2021 721 2060 insinuatur,
860 2020 928 2053 3b.
956 2019 1062 2058 Felix,
1092 2017 1142 2050 cui
1169 2014 1407 2054 manifestatur,

249 2070 333 2104 Loci
359 2069 473 2111 templi
500 2069 664 2103 revelatur
958 2067 1063 2109 Felix,
1092 2076 1111 2098 a
1137 2075 1200 2106 quo
1227 2063 1439 2096 confirmatur

298 2118 506 2152 Admiranda
532 2117 682 2153 formula.
1009 2114 1168 2150 Salutaris
1196 2113 1318 2155 regula.

151 2220 214 2253 4a.
243 2217 347 2250 Matri
374 2216 534 2251 Samuelis
560 2217 677 2250 Annae
862 2215 926 2250 4b.
962 2213 1154 2248 Revelatrix
1178 2214 1379 2244 secretorum

251 2266 422 2300 Similatur
448 2270 480 2298 et
507 2265 675 2299 Susannae
961 2263 1037 2296 Sine
1064 2262 1127 2294 fine
1153 2260 1323 2293 beatorum

299 2316 364 2350 Cor
388 2314 490 2357 figens
516 2314 549 2348 in
576 2316 737 2359 Domino3
1011 2310 1182 2345 Gloriatur
1208 2308 1365 2351 praemio.

153 2417 215 2449 5a.
250 2413 342 2446 Haec
367 2416 418 2446 est
443 2413 573 2446 doctrix
593 2412 800 2454 disciplinae,
866 2410 928 2444 5b.
968 2409 1113 2442 Caritate
1139 2406 1302 2449 redimita,

251 2463 315 2496 Dei
342 2465 451 2496 custos
477 2472 497 2496 a
520 2463 634 2495 ruinae
962 2458 1048 2492 Fide
1073 2457 1211 2499 ponens,
1240 2457 1329 2490 clara
1355 2455 1424 2489 vita

301 2511 492 2546 Mandanae
517 2511 695 2552 periculis3
1014 2506 1140 2541 Claruit
1165 2505 1334 2539 miraculis

1274 2562 1334 2592 12*
