1654 2756
723 157 992 194 —107—

217 251 277 287 va.
305 253 419 286 Rubus
445 264 509 287 nou
536 256 653 297 uritur,

306 302 419 335 Vellus
447 305 654 348 compluitur,

304 350 359 383 Sol
387 356 475 384 retro
501 352 654 394 flectitur,

303 399 348 432 Et
374 410 473 441 pecus
500 402 654 444 loquitur,

350 450 443 481 Anus
470 450 507 482 fit
533 451 680 492 gravida.

214 511 275 544 82.
303 512 436 545 Fornax
463 513 552 544 cedit

299 560 343 592 Et
369 570 433 593 uon
460 562 574 601 laedit,

300 608 365 640 Sed
392 609 525 642 oboedit

299 657 372 695 His,
399 667 479 698 quos
507 659 611 690 credit

349 706 437 738 Mori
464 716 521 738 rex
547 707 708 740 incendic.

212 769 274 801 98.
302 769 396 800 Adae
423 770 607 810 plasmatio,

302 818 409 850 Areae
436 821 646 857 constructio,

352 867 502 899 Iordanis
529 868 670 904 siccitas,

190 928 275 962 loa.
304 929 358 961 Sal
386 931 547 973 respergit
574 930 663 963 fonte
689 934 791 963 totum

302 978 345 1010 Et
374 979 505 1010 camelis
532 979 627 1011 fessis
654 984 763 1021 potum

347 1027 414 1059 Dat
439 1028 610 1060 Rebeccae
632 1029 759 1070 hydria.

189 1088 231 1122 11
244 1098 273 1122 a.
301 1090 388 1121 Aere
415 1100 549 1130 serpens
576 1091 757 1129 simulatur,

299 1137 401 1177 Sputo
427 1139 528 1170 lutum
556 1143 758 1179 temperatur

301 1186 539 1227 cherubimque
566 1187 780 1220 obumbratur

346 1233 627 1275 Propitiatorium.

186 1297 228 1330 12
241 1305 270 1330 a.
299 1296 353 1329 Sol
380 1298 442 1330 sub
465 1299 550 1330 nube
568 1309 631 1331 non
652 1299 817 1338 densatur,

298 1346 404 1378 Horto
430 1347 541 1380 clauso
568 1346 640 1380 fons
660 1348 817 1388 signatur,

297 1393 373 1426 Sine
402 1405 497 1432 manu
524 1406 614 1428 mons
641 1400 780 1435 secatur,

298 1442 401 1475 Stella
427 1445 526 1476 solem
556 1450 783 1485 praeconatur,

346 1491 400 1524 Sol
429 1493 469 1525 de
496 1494 592 1526 stella
619 1494 742 1526 rutilat.

181 1556 225 1589 13
238 1563 268 1586 a.
292 1556 345 1587 Ad
374 1556 528 1587 honorem
555 1561 644 1589 tuum
671 1557 740 1588 iure

293 1603 510 1636 Famulantur
537 1606 598 1637 hae
621 1606 816 1648 scripturae,

347 1653 397 1685 Sit
424 1654 465 1686 de
491 1654 584 1686 nobis
612 1655 672 1687 tibi
700 1663 787 1696 cura,

346 1702 404 1734 Pia
430 1703 532 1743 virgo,
560 1708 664 1736 mater
690 1713 782 1744 pura,

396 1751 439 1784 Ut
467 1752 567 1784 simus
594 1753 627 1784 in
652 1752 773 1794 gloria;

924 257 984 291 7b.
1012 257 1100 290 Fons
1127 266 1228 289 novus
1255 256 1368 297 oritur,

1009 306 1134 338 Fanum
1163 305 1351 344 destruitur,

1010 355 1059 387 De
1086 358 1180 396 petra
1206 354 1338 391 bibitur,

1012 404 1175 444 Propheta
1202 403 1356 443 pascitur,

1057 453 1234 484 Mitescunt
1261 452 1386 484 rabida.

918 513 978 546 8b.
1006 515 1128 547 Manna
1155 515 1260 551 datur,

1009 564 1094 596 Hinc
1121 567 1250 594 creatur

1008 612 1051 643 Et
1077 610 1246 647 formatur,

1006 660 1073 699 Quo
1101 661 1248 700 signatur

1056 709 1146 741 Haec
1172 718 1255 740 nova
1284 708 1416 740 creatio.

919 771 981 804 9b.
1009 772 1113 803 Maris
1141 772 1269 809 divisio,

1008 820 1169 852 Fiscellae
1197 820 1279 851 ratio

1056 870 1191 912 Signant
1217 873 1259 907 te,
1288 868 1426 901 novitaS.

895 931 979 966 lob.
1008 932 1057 964 De
1085 937 1243 971 conceptu
1271 932 1353 963 Sara
1380 932 1476 969 ridet,

1007 980 1048 1012 Se
1075 981 1194 1013 calcari
1221 989 1354 1019 serpens
1383 980 1483 1015 videt,

1055 1030 1151 1062 Canit
1178 1029 1418 1068 tympanistria.

891 1091 932 1123 11
944 1090 975 1123 b.
1001 1092 1141 1123 Muliere
1168 1092 1218 1122 vir
1243 1091 1396 1128 ambitur,

1006 1141 1105 1172 Porta
1132 1139 1241 1170 clausa
1269 1139 1498 1179 pertransitur,

1005 1188 1104 1228 Gigas
1129 1189 1240 1229 currit,
1268 1188 1320 1219 via
1346 1188 1458 1225 scitur,

1051 1236 1165 1268 Floret
1193 1236 1287 1268 vallis
1316 1236 1430 1267 lilium.

890 1299 974 1332 12b.
1004 1299 1075 1332 Stat
1094 1307 1274 1340 praesaepe
1288 1297 1362 1330 feno
1376 1300 1518 1339 plenum,

1003 1348 1109 1380 Boves
1136 1357 1256 1385 sumus,
1285 1357 1360 1379 caro
1388 1347 1509 1386 fenum,

1002 1397 1125 1430 Christi
1153 1405 1270 1436 corpus
1290 1403 1353 1428 tam
1374 1406 1523 1427 serenum

1001 1445 1104 1478 Nobis
1133 1445 1237 1476 cibum
1268 1446 1323 1476 dat
1343 1454 1522 1483 amoenum,

1052 1494 1086 1526 Si
1113 1503 1169 1525 cor
1192 1494 1234 1525 ad
1262 1494 1323 1525 hoc
1350 1494 1472 1534 vigilat.

889 1558 931 1590 13
941 1557 972 1591 b.
1002 1558 1066 1591 Ubi
1082 1566 1141 1589 nec
1152 1566 1236 1594 cras,
1253 1566 1312 1588 nec
1323 1557 1521 1595 hesternum,

1001 1606 1066 1639 Ubi
1094 1615 1223 1646 semper
1251 1605 1453 1643 hodiernum,

1054 1655 1115 1688 Ubi
1144 1655 1242 1694 salus,
1272 1655 1325 1686 ubi
1354 1655 1430 1693 vita,

1051 1704 1113 1737 Ubi
1142 1713 1205 1743 pax
1234 1709 1281 1735 est
1306 1703 1445 1741 infinita,

1100 1752 1164 1786 Ubi
1193 1752 1279 1784 Deus
1307 1753 1424 1785 omnia.

250 1818 374 1846 Collect.
398 1828 451 1846 ms.
475 1819 504 1847 S.
520 1820 678 1848 Laurentii
693 1820 871 1848 Leodiensis
893 1829 971 1848 saec.
996 1819 1040 1848 12.
1077 1819 1148 1847 Cod-
1165 1820 1336 1847 Bruxellen.
1358 1818 1524 1847 9735—36·

170 1859 207 1885 A.
224 1872 260 1875 —
277 1857 412 1885 Oration.
435 1862 465 1886 et
486 1860 626 1894 Sequent.
649 1868 702 1887 ms.
719 1860 887 1896 Campeuse
908 1861 979 1887 anni
1005 1857 1086 1887 14⁶2.
1124 1858 1194 1886 cod.
1212 1859 1433 1886 Darnistadien.
1457 1857 1524 1886 521-

169 1898 202 1925 B.
227 1910 263 1915 —
288 1895 338 1929 la,
355 1895 372 1924 2
393 1897 476 1925 haec.
500 1899 531 1925 B.
553 1913 591 1917 —
611 1897 665 1931 4a,
681 1897 700 1926 4
722 1900 781 1926 iam
804 1901 901 1927 virtus
924 1901 957 1927 Β.
979 1915 1017 1919 —
1039 1898 1092 1931 5a,
1109 1898 1127 1926 2
1150 1899 1257 1925 ssotrus
1280 1902 1308 1925 et
1332 1899 1362 1925 B.
1381 1913 1418 1916 ——
1440 1897 1490 1931 ssa,
1506 1896 1524 1926 3

169 1938 308 1971 Cognata
329 1936 402 1963 fehlt
423 1937 457 1964 B.
482 1952 516 1956 —-
542 1938 600 1965 Str.
622 1937 639 1965 7
662 1947 690 1965 u.
713 1936 730 1966 8
752 1938 852 1966 fehlen
873 1941 905 1966 in
926 1940 950 1966 B
974 1940 1020 1966 bis
1042 1940 1095 1965 auf
1115 1939 1213 1973 einige
1235 1938 1390 1964 Triimmer
1413 1938 1524 1974 infolge

169 1975 353 2011 Verletzung
379 1975 432 2003 der
456 1977 510 2004 Hs.
533 1993 568 1997 —-
594 1976 662 2010 loa,
688 1976 700 2004 1
729 1978 841 2005 fontem
864 1979 898 2005 B.
921 1994 956 1998 —
983 1979 1040 2005 Die
1065 1978 1220 2005 Kollation
1243 1986 1301 2003 von
1325 1978 1346 2002 Α
1370 1977 1523 2003 verdanke

171 2014 220 2043 ich
242 2014 295 2041 der
316 2014 564 2043 Freundlichkeit
586 2017 638 2044 des
660 2017 870 2045 Bollaudisten
891 2018 924 2045 P.
946 2018 1010 2045 Jos.
1034 2018 1100 2045 Van
1121 2016 1178 2044 den
1200 2016 1289 2051 Ghyn
1312 2016 1339 2042 S.
1362 2016 1390 2042 J.

627 2092 688 2124 106.
722 2092 765 2124 De
788 2092 889 2125 Beata
911 2093 1013 2125 Maria
1034 2094 1070 2125 V.

181 2153 240 2188 la.
269 2153 295 2186 O
323 2153 442 2192 Maria,

315 2203 342 2236 O
369 2201 450 2237 felix
477 2213 650 2245 puerpera,

265 2251 376 2284 Mater
401 2253 468 2293 pia,

316 2300 414 2334 Cuius
441 2303 528 2334 suxit
555 2302 668 2343 ubera,

314 2350 375 2391 Qui
401 2351 526 2385 creavit
553 2352 683 2393 sidera;

265 2399 406 2432 Munera

313 2448 365 2482 De
391 2452 424 2480 te
451 2447 554 2482 fluunt
581 2450 700 2490 dulcia,

318 2496 461 2538 Spiritus
487 2499 593 2531 sancti
621 2501 758 2531 cratera.

890 2156 951 2190 lb.
978 2158 1073 2196 Aqua
1103 2157 1185 2196 viva,

1026 2205 1145 2238 Clausa
1171 2211 1301 2243 semper
1327 2203 1434 2243 ianua,

977 2252 1188 2292 Progressiva

1025 2301 1138 2340 Stella,
1167 2310 1230 2332 non
1257 2300 1404 2343 occidua,

1024 2351 1135 2391 Ficus,
1163 2350 1221 2381 sed
1246 2359 1308 2381 non
1336 2348 1446 2391 fatua;

974 2399 1080 2439 Rigua

1025 2446 1176 2480 Paradisi
1202 2456 1333 2487 pascua,

1025 2497 1208 2538 Balsamus‚
1235 2502 1372 2538 murtus,
1400 2498 1496 2531 oliva.
