1654 2756
667 114 930 150 -316—

139 220 199 252 3³..
231 217 341 249 Armis
366 216 446 247 lucis
471 223 506 246 se
533 213 679 253 munivit,

234 265 315 297 Fide
342 263 472 295 fraudes
500 262 600 294 hostis
626 261 728 299 trivit,

284 311 461 345 Roboravit
487 310 671 349 brachium3

138 404 199 434 4a.
231 400 356 436 Castus,
389 397 530 438 prudens
555 397 602 428 sie
628 395 769 439 vivebat,
829 394 892 429 4b.

233 448 324 487 Quod
352 445 484 477 dissolvi
511 444 660 484 cupiebat

282 494 504 534 Relinquendo
530 493 710 533 saeculum3

141 586 199 617 5a,
235 581 340 617 Salve,
370 580 461 612 fortis
489 581 607 613 Christi
633 580 734 621 miles,
831 578 891 614 5b.

234 632 322 669 Roga
350 638 466 668 regem.
493 629 577 669 quod
606 638 661 659 nos
690 628 768 659 viles

282 679 447 717 Expurget
476 687 493 708 a
519 676 679 708 sordibus.

214 765 296 791 Mi«.
323 772 375 790 ms.
399 766 541 790 Sem-ense
569 771 645 789 saec.
676 761 718 789 15.
742 761 810 789 Cod.
834 762 975 797 Upsalen.
999 762 1029 790 C.
1060 760 1126 788 427.
1149 760 1182 787 A.
1208 775 1242 779 —
1264 762 1348 788 Miss.
1371 759 1470 796 Strag-

137 812 227 830 nense
249 805 317 838 iinp.
339 803 475 830 Lubecae
501 800 581 828 1487.
604 801 636 828 Β.
658 816 694 819 -
716 798 769 831 5³,
791 798 808 827 3
830 801 985 836 Expurgat
1006 800 1066 827 AB.
1089 814 1126 818 —
1148 800 1206 826 Cfr.
1227 799 1399 835 Klernming
1414 800 1469 833 ΙΙΙ,

138 852 165 878 p.
191 840 243 868 173
266 852 307 877 sq.

831 211 894 246 3b.
923 211 1036 244 Mente
1062 209 1173 243 florem
1201 209 1311 242 mundi
1330 209 1470 253 sprevit,

926 259 1052 294 Pietate
1077 262 1182 292 motus
1207 257 1298 290 flevit

975 307 1201 340 Proximorum
1228 307 1352 340 vitium.

924 394 1012 428 Civis
1037 392 1144 426 factus
1169 402 1382 433 supernorum

928 444 1048 483 Regem
1075 443 1178 475 cernit
1203 443 1390 482 angelorum

973 491 1116 524 Gustans
1143 492 1228 523 vitae
1254 491 1414 532 poculum.

924 581 998 612 lesu
1026 578 1164 616 Christe,
1193 586 1251 610 nos
1278 576 1442 610 confortes

926 627 1004 659 Eius
1032 635 1138 667 prece,
1166 626 1250 666 quod
1278 629 1444 658 consortes

977 675 1080 707 Simus
1108 674 1187 706 caeli
1215 674 1350 708 civibus.

581 915 649 946 3:20.
690 913 732 945 De
754 923 814 946 uno
835 913 1029 946 Confessore.

141 998 202 1030 12.
234 996 444 1028 Laetabundo
471 995 578 1027 cordis
606 1004 661 1026 ore
836 994 898 1027 lb.

235 1045 357 1076 Psallat
383 1045 498 1076 chorus
525 1044 556 1074 in
582 1043 702 1074 honore

287 1092 382 1132 Regis
409 1101 518 1131 regum
545 1091 664 1131 incliti,

143 1181 204 1211 222.
238 1178 350 1210 Mente
377 1187 467 1217 pura,
497 1186 582 1218 voce,
611 1181 685 1207 voto
834 1176 897 1209 ab.

240 1227 478 1263 Conversundo,
505 1225 602 1256 corde
629 1229 695 1256 toto

288 1274 422 1313 Semper
447 1273 478 1304 in
507 1272 715 1312 caelestibus3

144 1363 205 1394 32.
237 1361 365 1399 Mart-vr
392 1368 506 1397 corpus
534 1359 730 1399 castigando,
834 1358 897 1391 3b.

238 1408 373 1440 Carnem
400 1416 487 1438 suam
514 1407 707 1439 macerando

286 1456 416 1487 Hostem
445 1455 557 1486 stravit
585 1454 731 1494 pedibus

143 1546 200 1576 43.
233 1543 294 1574 Hic
320 1542 472 1573 talentum
499 1541 560 1572 sibi
588 1542 696 1573 datum
833 1541 897 1573 4b.

242 1590 430 1629 Reportavit
459 1589 666 1629 duplicatum,

291 1638 360 1670 Non
389 1638 495 1668 celans
522 1637 661 1670 sudario

149 1728 208 1759 5³.
241 1725 304 1757 Hic
324 1724 438 1765 fidelis,
459 1725 600 1762 prudens
628 1732 726 1754 verna
835 1726 853 1756 5
866 1723 896 1755 b.

241 1773 326 1806 Aula
351 1773 469 1812 gaudet
494 1772 526 1803 in
553 1780 693 1811 superna

288 1822 350 1853 Pro
377 1829 525 1852 mensura
552 1820 670 1860 tritici;

145 1909 205 1941 oa.
236 1908 336 1947 Ergo,
365 1912 458 1947 pater
483 1913 514 1938 et
541 1911 685 1948 patrone,
835 1907 897 1940 ob.

240 1956 291 1988 Sis
318 1954 469 1987 defensor
495 1955 526 1986 in
553 1963 654 1994 agone

288 2003 356 2035 Tuo
383 2003 610 2041 consolamine,

218 2090 297 2118 Grad
325 2099 377 2116 ms.
405 2090 540 2116 Murense
569 2089 639 2116 anni
670 2086 753 2116 1532.
775 2089 846 2116 Cod.
867 2090 1023 2117 Aarovien.
1067 2091 1098 2118 M
1121 2090 1138 2118 5
1165 2091 1215 2119 fol.
1245 2101 1282 2119 m.
1306 2108 1342 2112 ——
1368 2091 1426 2125 lb,
1455 2091 1474 2121 3

930 995 1068 1027 Sanctus
1092 994 1145 1025 hic
1170 993 1261 1026 cuius
1286 1002 1395 1025 amore

931 1043 1063 1074 Fastum
1090 1042 1201 1073 mundi
1228 1051 1285 1073 suo
1310 1040 1389 1074 flore

978 1090 1089 1122 Flocci
1112 1091 1227 1130 pendit
1253 1090 1368 1122 sterili.

931 1176 1049 1215 Verbo,
1077 1177 1144 1207 vita
1170 1175 1388 1208 coliaudando

930 1224 1031 1256 Deum
1059 1232 1156 1264 seque
1183 1222 1417 1257 conformando

979 1272 1117 1303 Summis
1143 1273 1222 1303 caeli
1250 1271 1385 1308 civibus.

929 1358 1003 1390 Vita
1030 1358 1141 1389 vivens
1168 1359 1242 1389 lesu
1270 1358 1389 1390 Christi

928 1407 1022 1438 Hunc
1049 1410 1189 1444 secutus,
1216 1414 1316 1445 quare
1343 1406 1414 1439 sisti

979 1454 1067 1486 Caeli
1096 1453 1192 1485 debet
1219 1454 1360 1487 sedibus.

929 1541 1031 1573 Audit
1063 1541 1184 1581 „Euge
1213 1549 1306 1572 serve
1334 1540 1450 1580 bone“‚

930 1589 1015 1621 Data
1042 1589 1135 1631 plena
1163 1590 1288 1621 ratione

979 1637 1067 1669 Caeli
1094 1637 1306 1670 thesaurario.

933 1725 1023 1756 Inter
1048 1728 1157 1755 coetus
1182 1724 1416 1764 prophetarum

930 1772 1034 1804 Melos
1061 1773 1153 1804 audit
1178 1773 1206 1804 is
1233 1772 1429 1806 chordarum

978 1820 1097 1862 Organi
1126 1821 1286 1855 Davidici.

929 1907 1008 1946 Fac,
1036 1911 1071 1940 ut
1097 1908 1174 1940 data
1198 1908 1323 1940 ratione

932 1955 1008 1987 Fiat
1033 1957 1211 1996 praemium
1240 1965 1377 1989 coronae

979 2004 1097 2036 Mortis
1123 2006 1157 2037 in
1183 2005 1342 2039 examine.

142 2130 258 2166 pendet.
279 2143 315 2148 —-
338 2128 395 2155 Cfr.
417 2129 549 2159 Werner,
573 2129 695 2155 Roman.
718 2127 927 2166 Forsohungen
949 2129 1000 2161 IV,
1022 2128 1087 2158 505.

558 2240 618 2272 351.
660 2240 695 2272 In
716 2240 807 2272 Festo
828 2242 922 2272 unius
944 2242 1060 2274 Sancti.

146 2325 161 2355 1
176 2333 205 2357 a.
236 2323 346 2355 Mente
372 2332 453 2363 pura
478 2323 659 2359 iubilemus,

240 2372 325 2404 Voce
351 2372 439 2404 clara
464 2380 649 2404 resonemus

289 2420 391 2452 Huius
417 2421 519 2453 sancti
544 2420 695 2462 gloriam3

838 2323 899 2357 2b.
933 2323 1014 2356 Nam
1034 2329 1217 2358 sanctorum
1239 2326 1314 2365 vita,
1344 2326 1475 2371 fratres,

934 2373 1001 2405 Nos
1027 2373 1178 2406 accendit
1203 2378 1313 2409 tantos
1338 2382 1450 2417 patres

982 2421 1079 2463 Sequi
1106 2432 1165 2463 per
1190 2424 1358 2459 iustitiam.
