1654 2756
678 163 941 199 —229—

136 256 199 288 28.
233 255 455 290 Emarcebant
844 262 907 297 2b,
938 263 1124 297 Exauditur

282 305 343 338 snb
368 306 451 346 legis
474 308 620 349 pondere
989 314 1076 346 senis
1102 314 1216 355 oratio,

235 354 398 388 Taediosa
941 360 1104 394 Gabrielis

283 409 462 444 praecepta
487 406 603 440 literae
990 410 1087 442 datur
1112 411 1295 453 promissio,

236 451 304 483 Nec
331 452 484 487 valebant
941 457 1151 491 Reformatur

283 510 474 540 quemquam
502 504 629 546 eripere
988 508 1073 546 patri
1101 507 1232 547 locutio,

237 549 286 581 De
312 549 410 591 legali
941 555 1040 587 Ridet
1066 565 1146 588 anus

285 598 453 638 culparum
481 600 628 640 verbere,
990 603 1030 635 de
1055 604 1241 644 puerperio.

138 686 200 719 32.
234 685 417 725 Desperata
845 689 908 723 3b.
942 691 1069 724 Crescit
1096 700 1188 730 puer,

284 734 371 774 perit
397 736 565 777 sterilitas,
988 739 1020 770 in
1047 748 1108 780 quo
1137 744 1185 771 est
1211 741 1326 781 gratia,

235 783 290 815 Fit
317 783 470 816 Iohannis
940 788 1071 820 Patrem
1093 786 1175 828 fugit

283 836 397 865 sancta
422 834 588 877 nativitas,
989 839 1021 867 et
1045 836 1238 873 saecularia,

235 881 273 913 In
299 881 432 913 senibus
940 885 1102 917 Locustae
1128 891 1201 918 sunt

283 939 368 962 nova
395 929 591 973 fecunditas,
989 934 1057 965 eius
1085 933 1217 972 cibaria,

236 979 272 1010 In
300 979 430 1019 populis
941 981 1036 1014 Circa
1062 982 1188 1015 lumbos

285 1028 394 1068 ampla
420 1028 617 1064 iucunditas.
991 1040 1071 1062 zona
1097 1031 1246 1070 pellicea.

138 1116 160 1147 4
176 1123 206 1146 a.
240 1114 292 1147 Ad
320 1114 406 1146 hunc
432 1115 520 1147 venit
845 1115 908 1150 4b.
940 1116 1048 1148 Timet
1073 1125 1184 1149 servus

283 1163 317 1194 in
343 1163 415 1203 ripa
441 1162 583 1195 fluminis
990 1164 1162 1196 Dominum
1191 1170 1335 1206 tangere,

237 1211 460 1251 Baptizandus
940 1212 1004 1245 Hic
1032 1212 1193 1255 [iubetur]

285 1258 371 1291 filius
398 1259 546 1300 virginis,
990 1270 1120 1293 manum
1145 1261 1329 1302 imponere;

235 1308 355 1341 Factus
381 1317 516 1341 consors
940 1310 1043 1342 Decet
1066 1309 1151 1342 enim

283 1361 414 1390 nostrae
440 1358 642 1399 propaginis,
990 1359 1052 1391 isto
1080 1355 1300 1403 [charactJere

235 1408 335 1446 Quem
364 1415 428 1439 non
454 1406 568 1439 sordes
940 1407 1101 1440 Iustitiam

285 1453 458 1487 obfuscant
482 1454 672 1498 [crim]inis.
990 1465 1116 1488 omnem
1143 1456 1334 1488 consistere.

138 1545 198 1576 5a.
234 1541 353 1574 Servus
379 1543 504 1584 implet,
844 1541 907 1577 5b.
941 1543 1077 1575 Demum
1105 1548 1231 1585 martyr

285 1592 372 1631 quod
400 1599 474 1623 erus
501 1592 652 1632 imperat,
990 1600 1051 1632 pro
1075 1591 1238 1624 adulterio

235 1639 393 1673 Mundum
420 1639 569 1672 Christus
943 1641 980 1673 In
1007 1648 1138 1672 carcere

282 1688 447 1729 baptismo
472 1689 604 1728 liberat,
991 1693 1162 1721 truncatur
1187 1689 1309 1731 gladio,

232 1737 286 1781 Et,
315 1747 407 1778 quem
437 1738 526 1770 virus
941 1737 1126 1771 Saltatricis

281 1787 397 1819 mortis
422 1786 594 1827 infecerat,
989 1786 1087 1819 datur
1113 1786 1278 1828 ludibri03

232 1835 306 1868 Vivi
332 1835 432 1868 fontis
940 1835 1039 1869 Cuius
1066 1836 1170 1868 salvet

279 1894 362 1925 aqua
388 1891 571 1924 regenerat.
988 1894 1045 1916 nos
1070 1884 1273 1919 intercessio.

216 1964 299 1991 Orat.
322 1965 352 1990 et
373 1963 514 1998 Sequent.
537 1971 589 1990 ms.
614 1964 780 1998 Campense
804 1962 875 1990 anni
902 1960 984 1991 1462.
1007 1961 1079 1990 Cod,
1104 1962 1325 1990 Darmstadien.
1346 1961 1412 1991 521.

485 2077 555 2110 254.
587 2077 622 2109 ln
647 2076 866 2110 Decollatione
889 2086 912 2109 s·
934 2076 1087 2109 Iohannis
1111 2076 1143 2106 B.

159 2163 175 2196 1
192 2160 221 2193 b.
254 2159 339 2203 Tibi,
368 2160 422 2201 pie
449 2160 524 2192 Iesu
548 2159 688 2201 Christe,
869 2160 885 2192 1
902 2158 933 2191 b.
966 2158 1025 2195 Tu,
1046 2166 1242 2198 praecursor
1260 2157 1335 2189 Iesu
1354 2156 1490 2199 Christi,

257 2209 451 2243 celebretur
477 2208 547 2241 dies
571 2208 634 2240 iste
966 2206 1069 2240 Nobis
1097 2210 1176 2247 esto,
1205 2205 1259 2245 qui
1287 2204 1395 2247 fuisti;

255 2258 487 2292 Praecursoris
514 2260 546 2290 et
571 2256 737 2298 baptistae
967 2256 1146 2294 Imitemur,
1174 2263 1256 2295 quae
1282 2253 1391 2286 fecisti

303 2307 458 2341 Iohannis
485 2305 648 2348 suffragio.
1015 2304 1063 2336 Tu
1090 2312 1135 2346 re,
1163 2313 1222 2336 nos
1249 2303 1416 2345 mysterio.

159 2399 179 2432 2
189 2407 218 2430 a.
251 2397 378 2431 Mundo
389 2395 555 2430 Christum
563 2394 780 2437 praevenisti,
868 2394 887 2426 2
900 2392 931 2427 b.
965 2393 1096 2432 Spernit
1113 2391 1263 2424 Christus
1283 2400 1340 2424 nos
1354 2391 1491 2433 intrare,

255 2445 388 2480 Christo
424 2444 554 2478 clausus
579 2443 778 2486 adplausisti
965 2441 1008 2474 Ni
1034 2449 1230 2481 praecurras
1259 2449 1317 2473 nos
1344 2440 1447 2485 piare,

303 2496 391 2527 Ante
416 2493 578 2527 natalitia.
1013 2489 1131 2522 Dictus
1156 2490 1219 2522 Dei
1245 2491 1362 2531 gratia.
