1654 2756
209 255 272 287 2a.

211 440 272 473 3a.

213 627 274 658 4a.

212 811 272 842 5a.

215 995 279 1026 6a.

215 1363 274 1395 8a.

219 1548 269 1580 9a

726 156 995 195 —299—‚

304 255 342 288 In
370 263 433 295 quo
459 253 543 287 fixus
570 257 663 288 testis
689 256 772 296 legis

306 303 429 336 Factus
457 302 561 336 forma
587 305 636 337 sui
661 305 769 346 gregis

357 352 486 384 Patitur
509 354 716 394 supplicium.

307 441 421 473 Terris
447 449 583 483 pauper,
611 441 701 473 caelo
726 440 816 472 dives

311 489 401 523 Caeli
430 493 543 531 regnat
569 491 655 522 inter
681 489 768 521 cives

359 538 502 571 Caelesti
528 538 694 578 convivi03

309 625 389 658 Cain
417 625 501 657 Abel
527 623 703 665 interfecit,

310 673 430 706 Frater
456 672 602 713 fratrem,
630 674 704 714 plus
730 672 852 705 adiecit

358 721 496 753 Hostilis
523 723 678 762 nequitia,

308 809 441 841 Israelis
468 809 527 840 snb
555 810 705 850 exemplo

311 858 413 899 Lapis
439 858 582 898 quadrus
603 863 652 890 est
670 858 702 890 in
722 857 854 899 templo,

358 907 436 939 Cum
464 911 625 940 mactatur
651 908 747 939 aries.

313 995 431 1026 Passus
459 995 565 1034 signat
592 994 793 1031 Zachariam,

314 1043 441 1083 Raptus
468 1042 582 1074 Enoch
609 1043 660 1074 vel
689 1043 794 1074 Eliam

360 1090 517 1123 Veritatis
543 1099 667 1131 azyma.

309 1179 414 1219 Aquis
441 1181 535 1210 sanat
562 1178 722 1216 Elisaeus‚

312 1226 380 1258 Nos
406 1235 467 1266 per
492 1226 598 1265 ipsum
626 1228 721 1257 sanat
748 1224 835 1256 Deus

360 1274 435 1307 Sale
461 1274 664 1314 sapientiae3

305 1361 365 1394 Iob
393 1361 533 1393 dolentis
559 1361 739 1402 signativus

315 1410 384 1443 Iam
403 1418 463 1450 per
481 1414 616 1442 mortem
636 1412 751 1450 regnat
765 1409 857 1441 vivus

362 1459 470 1498 Moysi
499 1459 681 1497 consocius3

310 1547 410 1588 Ergo,
439 1550 573 1586 martyr,
602 1547 663 1578 huc
688 1545 833 1583 attende,

316 1595 414 1628 Placa
440 1595 554 1631 Deum.
582 1604 640 1626 uos
665 1593 806 1626 defende

362 1644 412 1676 De
437 1643 550 1675 mortis
575 1643 734 1685 angustia,

915 440 977 475 3b.

914 624 977 658 4b.

918 809 980 843 5b.

918 993 979 1027 ob.

919 1176 979 1209 7b.

910 256 974 290 2b.
1005 255 1097 297 Quod
1123 255 1263 294 volebat,
1292 252 1447 287 diffinivit

1008 305 1143 337 Praesul
1155 305 1308 342 Thomas,
1320 312 1414 344 quem
1424 302 1552 336 attrivit

1059 352 1148 385 Cinis
1176 358 1208 385 et
1234 353 1385 384 cilicium.

1010 439 1108 472 Iustis
1135 438 1238 472 forma
1266 439 1470 479 disciplinae,

1012 488 1128 528 Lapsis
1155 497 1230 528 spes
1257 493 1304 519 est
1332 487 1521 525 medicinae,

1060 537 1204 578 Angelus
1230 538 1262 568 iu
1291 537 1386 569 bivio.

1012 624 1093 656 Nam
1121 623 1153 656 in
1180 627 1306 664 patrem
1334 625 1436 664 surgit
1458 628 1552 656 natus

1014 673 1083 704 Nec:
1109 679 1240 704 veretur
1266 673 1378 704 matris
1406 674 1501 713 latus,

1063 721 1088 753 O
1116 726 1234 761 quanta
1260 721 1410 753 saevitia!

1014 808 1110 848 Legis
1135 813 1247 840 tenens
1274 812 1471 841 armaturam

1012 856 1120 890 David
1149 857 1254 889 dietus
1282 866 1340 896 per
1366 856 1512 897 figuram,

1064 905 1193 946 Duplex
1220 906 1332 945 templi
1360 907 1479 945 paries

1012 992 1124 1024 Hostis
1151 993 1236 1032 perit
1264 993 1296 1023 in
1322 991 1464 1031 fornace,

1015 1041 1145 1079 Martyr
1170 1041 1310 1072 Thomas
1337 1045 1400 1073 stat
1424 1043 1457 1074 in
1476 1051 1557 1082 pace

1064 1089 1121 1121 Pia
1147 1088 1252 1120 factus
1280 1090 1392 1120 hostia.

1013 1176 1073 1208 Ille
1100 1176 1192 1216 lepra
1219 1181 1313 1208 sanat
1340 1176 1468 1219 Syrum,

1015 1224 1080 1255 Iste
1106 1225 1234 1266 multos,
1264 1225 1352 1256 dictu
1378 1226 1504 1264 mirum,

1064 1272 1176 1304 Salvat
1203 1273 1287 1304 dono
1314 1273 1448 1313 gratiae,

917 1360 978 1393 8b.
1010 1360 1119 1392 Minas
1145 1369 1302 1400 spernens
1331 1360 1508 1393 Pharaonis

920 1545 984 1580 9b.

1015 1409 1109 1440 Mare
1135 1410 1250 1440 transit
1280 1409 1438 1450 passionis

1065 1458 1263 1490 Percurrens
1290 1459 1491 1497 quantocius,

1019 1546 1063 1578 Ut
1090 1549 1121 1575 te
1149 1545 1230 1576 duce
1256 1545 1340 1577 viam
1368 1545 1455 1578 vitae

1016 1593 1231 1626 Ambulantes
1258 1594 1410 1634 expedite

1067 1642 1240 1674 Cantemus
1266 1643 1419 1676 Alleluia.

294 1743 416 1772 Collect.
445 1751 497 1769 ms.
528 1743 632 1770 incert.
659 1742 767 1776 origin¹
797 1749 874 1769 saec.
906 1739 949 1769 13.
979 1740 1050 1768 Cod.
1081 1740 1170 1768 Civit.
1193 1741 1330 1768 Turicen.
1358 1740 1380 1767 C
1408 1740 1498 1769 ⁵⁵³!275..
1523 1758 1560 1762 -

215 1781 270 1815 ὅτι,
299 1781 318 1811 3
345 1782 483 1810 conubio.
503 1796 539 1800 —
569 1783 625 1809 Die
654 1781 810 1809 Kollation
839 1782 975 1816 besorgte
1004 1780 1076 1807 Rev.
1106 1780 1143 1808 H.
1167 1780 1205 1807 M.
1237 1781 1408 1808 Bannister.
1437 1796 1472 1799 —
1502 1782 1562 1808 Cfr.

214 1822 350 1855 VVerner,
371 1822 494 1849 Roman.
519 1820 732 1856 Forschungen
754 1820 804 1852 IV⁷
828 1829 856 1856 p.
878 1819 935 1848 510
957 1829 999 1856 sq.

665 1936 733 1967 330.
776 1935 819 1967 De
840 1937 950 1968 saneto
971 1935 1117 1976 Tarpete.

243 2020 302 2055 la.
336 2019 562 2052 Persolvamus
590 2024 697 2051 mente
723 2019 810 2051 laeta

338 2069 481 2109 Laudes,
497 2077 577 2108 quas
592 2069 718 2110 Torpes
731 2068 857 2102 athleta

361 2118 486 2151 Meruit
512 2118 704 2150 constantia.

240 2208 300 2241 2a.
332 2207 419 2240 Dum
446 2210 598 2248 regnaret
623 2204 819 2238 furibundus

338 2256 439 2297 Nero,
467 2255 558 2287 cuius
584 2263 681 2296 aegre
707 2253 846 2286 mundus

363 2304 508 2338 Ferebat
533 2304 718 2346 imperium.

243 2394 305 2427 3a.
337 2393 611 2433 Praesumpserat
646 2400 718 2424 esse
744 2390 859 2431 Deum,

341 2441 474 2475 Caelum
497 2441 627 2484 paravit
651 2449 799 2480 aeneum,

365 2490 532 2524 Columnis
557 2494 775 2529 sustentatum

944 2019 1007 2052 lb.
1039 2018 1101 2050 Ille
1128 2028 1188 2060 pro
1215 2019 1344 2050 nomine
1372 2019 1494 2052 Christi

1039 2067 1158 2099 Animo
1184 2068 1281 2105 laeto,
1309 2077 1371 2099 non
1399 2068 1495 2104 tristi,

1066 2115 1205 2148 Pertulit
1232 2116 1405 2156 supplicia,

945 2204 1009 2238 2b.
1044 2203 1132 2236 Nero
1159 2207 1320 2236 restaurat
1350 2204 1514 2245 Pisanam,

1045 2253 1272 2286 Venerabatur
1299 2253 1448 2291 Dianam,

1095 2301 1220 2334 Colitur
1246 2311 1306 2343 per
1332 2303 1476 2342 impium.

948 2390 1010 2425 3b.
1041 2389 1202 2425 Tonitrua
1227 2394 1300 2422 sunt
1328 2394 1498 2428 commota,

1045 2440 1123 2479 Aer,
1151 2444 1241 2471 terra
1268 2439 1363 2471 simul
1390 2445 1487 2481 mota,

1088 2488 1230 2530 Populus
1256 2489 1480 2523 conturbatur.
