1654 2756
684 138 924 173 -41-

627 231 675 262 28.
707 231 741 263 ln
762 230 979 263 Pentecosten.

706 313 838 346 Feria
863 314 908 347 ΙΙ.

826 395 885 429 lb.

144 392 161 426 1
175 401 205 426 a.
234 393 361 426 Celsam

231 452 294 475 vox
320 446 413 476 sonet
439 444 665 486 symphoniam

232 491 364 524 Christo
390 495 494 525 ratam

231 538 280 582 [in
306 540 367 572 hac
392 537 492 585 aula}

139 623 201 657 2a.
228 623 297 655 Iam
324 622 421 655 turba
447 626 537 654 casta

229 671 369 703 candida

228 719 399 760 depromat
426 719 522 760 digne
548 725 660 752 nostra

226 771 380 800 neumata
407 771 524 800 cuncta
551 769 649 810 clara,

227 851 295 882 Iam
323 849 505 882 melodema
532 856 622 883 sonet
649 852 721 884 aula

229 898 335 940 gratia
360 907 484 931 summa

229 947 359 980 Christo
387 946 505 980 devota

227 998 323 1036 grata
348 994 438 1028 facta

227 1053 266 1076 ac
292 1043 420 1077 decora.

139 1129 200 1161 3a.
229 1124 344 1169 (Nam)
371 1135 460 1157 mare
487 1132 518 1159 et
544 1126 675 1159 flumina

227 1180 381 1207 resonant
409 1184 491 1214 pura

226 1233 265 1255 ac
290 1222 422 1255 luciflua

227 1280 305 1305 voce
331 1272 568 1312 persplendida

226 1330 264 1353 ac
289 1320 440 1362 iucunda,

138 1405 200 1437 4a.
228 1403 442 1436 Sacrosancta

227 1461 314 1484 nunc
339 1452 434 1491 plebs
461 1460 565 1484 sumet
595 1453 723 1492 agmina

227 1502 314 1534 celsa
339 1501 484 1541 gaudens

227 1550 384 1583 scandere
413 1559 489 1581 voce
514 1549 614 1584 clara.

225 1632 355 1665 Laudes
382 1642 506 1665 summo
532 1634 661 1666 studeat

222 1692 287 1714 una
314 1690 386 1713 cum
412 1681 543 1715 Christo

224 1741 263 1763 ac
290 1730 408 1763 devota
435 1730 554 1763 decora

226 1783 347 1820 pangat
372 1780 455 1820 ipsa,

825 621 884 656 2b.

820 1405 879 1437 41).

912 396 1032 436 Magna

913 445 1042 485 agmina
1067 444 1220 476 caelestia

912 493 963 524 cui
989 492 1131 525 iucunda

911 540 1053 572 reddunt
1080 545 1163 575 acta.

913 622 1004 656 Caeli
1028 623 1138 655 sidera

911 671 1087 711 splendida

913 720 1024 751 divina
1051 729 1214 760 nunquam
1242 725 1368 752 cessant

912 768 1034 800 Christi
1060 768 1158 800 fateri
1184 774 1286 812 gesta,

909 852 1008 891 Quem
1019 851 1246 884 laudantnunc
1252 856 1283 884 et
1291 856 1406 884 ornant
1416 861 1474 884 sua

911 909 1012 940 opera
1037 900 1136 937 clara,

912 948 1081 980 rutilantia

910 997 959 1028 sol
987 1000 1018 1028 et
1043 997 1130 1034 luna,

910 1044 1035 1086 stellae,
1063 1054 1151 1078 arva.

913 1126 1010 1159 Cuius
1035 1136 1120 1158 nunc
1146 1127 1263 1168 gaudia

908 1184 1070 1215 nunquam
1098 1180 1203 1208 cessat

909 1232 1010 1263 agnus
1037 1224 1203 1256 exsultans

909 1272 949 1304 ad
979 1272 1061 1304 caeli
1089 1272 1198 1305 sidera

910 1319 996 1352 ferre
1021 1330 1127 1354 sacra.

907 1404 1068 1445 Angelica

908 1457 944 1484 ut
971 1461 1087 1485 canere
1113 1452 1235 1486 famina

910 1501 1067 1534 trinitatis

910 1551 1017 1583 valeat
1043 1551 1200 1584 laureata.

909 1633 1041 1666 Sincere
1068 1634 1237 1674 omnigena

908 1682 1026 1723 gaudia
1053 1683 1186 1715 Christo

909 1734 1018 1763 creata
1045 1736 1161 1764 sonent
1187 1730 1296 1764 Amen

906 1780 1093 1814 candidata.

203 1862 287 1889 Miss.
314 1871 367 1889 ms.
398 1862 427 1887 S.
455 1862 612 1889 Trinitatis
640 1861 871 1889 vindocinensis
900 1871 977 1890 saec.
1010 1861 1052 1889 15.
1083 1871 1127 1890 ex.
1171 1862 1242 1891 cod.
1271 1863 1472 1891 Vindocinen.

128 1899 195 1930 267.
217 1901 285 1929 bis.
307 1915 346 1920 -—
366 1899 451 1934 2a,1
478 1910 520 1937 sq.
543 1900 671 1928 candida
692 1902 780 1929 turba
800 1906 893 1929 casta.
915 1916 953 1920 —
975 1899 1028 1933 23,
1042 1900 1061 1930 3
1082 1905 1185 1929 nostra
1205 1902 1303 1938 digne.
1326 1917 1363 1920 —
1385 1900 1440 1935 2b,
1455 1901 1473 1929 4

127 1941 249 1979 formari
270 1943 364 1977 gesta.
385 1955 423 1960 —-
447 1938 499 1974 2b,
525 1938 540 1966 7
563 1943 653 1975 atque
675 1941 839 1968 rutilentia.
862 1954 898 1959 —
921 1940 976 1971 4b.
1001 1939 1019 1968 5
1047 1952 1091 1978 sq.
1113 1942 1224 1977 gaudia
1245 1943 1415 1976 omnigena.
1438 1955 1474 1960 ——

127 1980 185 2008 Dte
212 1974 400 2008 Uberschrift
427 1979 507 2015 passi,
534 1978 668 2007 schlecht
695 1989 763 2007 zum
792 1980 902 2008 Inhalt.
925 1995 960 1999 —
983 1981 1040 2007 Die
1063 1983 1198 2016 Sequeuz
1226 1981 1305 2007 steht
1331 1980 1407 2007 auch
1433 1981 1474 2008 im

127 2018 217 2047 Grad.
243 2029 298 2046 ms.
320 2019 352 2046 S.
371 2019 529 2046 Trinitatis
551 2019 784 2047 vindocinensis
811 2028 890 2047 saec.
924 2019 966 2047 14.
996 2021 1037 2046 in.
1078 2020 1151 2048 Cod.
1172 2019 1372 2047 Vindocinen.
1405 2018 1475 2053 12l-,

127 2057 221 2086 leidei·
241 2059 320 2086 steht
341 2059 397 2085 mir
418 2059 484 2085 eine
505 2057 662 2086 Kollation
683 2058 793 2086 dat-aus
815 2059 898 2087 nicht
921 2069 973 2087 zur
992 2060 1174 2094 Verftigung.
1211 2059 1294 2085 Noch
1316 2059 1473 2096 wichtiger

127 2099 207 2126 ware
227 2097 276 2126 die
296 2097 434 2131 Melodie,
457 2096 569 2125 welche
590 2097 644 2125 das
666 2097 816 2126 Graduale
838 2099 889 2126 der
911 2098 1002 2135 Regel
1024 2099 1102 2126 nach
1126 2097 1278 2125 euthalten
1300 2097 1385 2124 murs.

621 2211 667 2244 29.
699 2212 735 2244 In
756 2212 975 2245 Pentecosten.

690 2295 823 2329 Feria
849 2294 911 2328 111.

135 2380 195 2413 la.
222 2379 349 2413 Umbra
375 2380 493 2412 transit
521 2379 703 2421 vetustatis,

222 2429 294 2462 Vox
321 2433 470 2469 erumpat
497 2428 652 2462 novitatis

269 2479 314 2511 Et
338 2477 449 2512 laudis
473 2478 704 2519 praeconium3

838 2377 899 2412 1b.
927 2376 1039 2410 Omnis
1065 2376 1203 2408 mundus
1226 2376 1432 2419 iucundetur,

928 2427 965 2458 In
991 2425 1052 2457 hac
1079 2425 1133 2458 die
1159 2426 1358 2467 adimpletur

976 2473 1064 2508 Illud
1090 2475 1302 2509 vaticinium:
