1654 2756
721 144 763 148 —
818 122 886 158 176
936 143 983 147 -

225 224 289 255 tia.
317 223 404 254 Hinc
428 222 581 254 sacerdos
607 222 788 260 ordinatur,
925 221 988 255 6b.
1015 222 1153 262 Gregem
1181 219 1386 251 commissum
1411 218 1505 258 aluit,

315 271 359 304 Ut
386 279 444 312 per
469 271 574 311 ipsum
601 270 754 303 offeratur
1012 270 1053 303 Se
1081 272 1243 311 pastorem
1270 267 1418 301 exhibuit

364 319 434 352 Deo
461 319 593 359 placens
620 320 746 362 hostiag
1061 317 1168 352 Patris
1193 317 1388 350 reverentia.

232 402 288 434 Ta.
319 403 443 434 Vallem
471 402 561 443 prius
587 412 700 443 parum
721 411 828 435 caram
924 401 986 436 7b.
1014 402 1108 434 Hanc
1134 399 1295 441 fundavit,
1322 400 1499 438 inchoavit,

315 451 373 493 Re,
402 451 529 483 nomine
555 449 633 483 fecit
660 451 780 483 claram
1009 452 1109 490 Quam
1137 450 1285 490 nutrivit,
1313 449 1504 482 sublimavit

360 499 501 531 Deitatis
528 501 654 541 gratia3
1057 497 1111 531 Ad
1139 498 1219 530 caeli
1247 496 1388 538 fastigia.

227 579 287 615 Sa.
316 583 403 622 Quae
430 582 580 614 dilatavit
607 582 755 614 fimbrias
924 583 987 618 Sb.
1017 581 1205 622 Vigiliarum
1232 581 1389 621 pondere,

315 632 427 664 Plures
454 631 613 671 gignendo
640 630 723 663 filias
1009 629 1205 664 Ieiuniorum
1231 638 1330 661 onere

361 679 510 711 Parentis
536 680 700 711 instantia.
1056 679 1169 710 Victus
1196 681 1228 709 et
1253 677 1373 717 inedia,

222 765 282 794 921.
311 762 526 794 Bernhardus
546 762 617 793 cibo
635 763 811 800 abstinens,
919 763 982 795 9b.
1010 763 1164 794 Athletae
1190 759 1285 792 fortis
1312 760 1447 800 spiritus

312 811 417 842 Paene
447 808 606 841 defectum
634 812 795 843 sustinens
1008 810 1171 843 Laborum
1198 818 1261 841 non
1288 814 1335 840 est
1364 810 1485 840 veritus

358 859 393 890 In
423 867 479 889 sua
506 858 628 898 vitalia,
1057 857 1223 890 Sustinere
1250 857 1370 890 taedia.

189 941 271 973 10a.
311 942 455 981 Corpore
481 940 555 971 licet
584 940 710 977 debilis,
888 940 970 974 10b.
1006 942 1097 973 Inter
1123 948 1214 980 reges
1241 945 1273 972 et
1299 940 1431 972 comites

308 989 421 1021 Mente
446 988 557 1020 firmus
584 993 614 1020 et
641 989 767 1020 stabilis
1004 989 1165 1022 Franciae
1191 989 1277 1020 intra
1301 989 1422 1020 limites

361 1038 480 1070 Cursus
508 1038 637 1076 prendit
667 1037 788 1070 bravia.
1059 1039 1122 1070 l'cr
1148 1037 1233 1068 liunc
1260 1037 1296 1068 fit
1322 1037 1506 1071 concordia.

189 1119 228 1151 11
245 1129 273 1153 a.
307 1120 406 1151 Fama
433 1119 614 1151 Bernliardi
643 1120 778 1152 celebris
888 1121 973 1154 llb.
1010 1121 1127 1152 Potens
1156 1124 1225 1151 erat
1251 1120 1282 1151 in
1310 1129 1457 1152 sermone

311 1168 431 1199 Multos
460 1169 557 1199 traxit
584 1169 623 1199 de
650 1168 784 1200 latebris
1008 1169 1106 1200 Verbi
1132 1173 1314 1200 monstrans
1344 1168 1468 1200 ratione

356 1216 407 1247 Ad
436 1216 519 1247 vitae
546 1218 698 1249 remedia.
1054 1217 1177 1249 Futura
1204 1217 1335 1249 iudicia.

191 1299 272 1330 1221.
312 1298 429 1330 Libros
454 1299 585 1338 scripsit
612 1301 758 1331 veritatis
888 1301 974 1334 12b.
1010 1301 1153 1333 Reduxit
1180 1300 1403 1331 Innocentium

306 1347 423 1379 Plenos
450 1356 571 1378 morum
599 1348 780 1380 sanctitatis
1008 1350 1128 1389 Papam
1157 1348 1198 1379 ad
1222 1357 1377 1379 summam
1397 1348 1526 1381 urbium

356 1395 516 1427 Revelans
543 1397 706 1436 mysteria.
1053 1398 1179 1436 Fugata
1207 1396 1382 1431 discordia.

188 1478 271 1509 1321.
309 1478 430 1510 Surdos
458 1476 533 1508 fecit
561 1475 643 1522 [hic]
669 1480 793 1519 audire,
886 1482 928 1514 13
941 1481 972 1513 b.
1009 1479 1208 1521 Bernardus,
1235 1480 1290 1511 lux
1317 1480 1485 1520 ecclesiae,

308 1526 417 1558 Mutos
444 1526 542 1566 loqui,
572 1528 735 1559 custodire
1005 1529 1102 1561 Sidus
1129 1527 1337 1568 praefulgens
1365 1527 1504 1566 Galliae,

352 1574 471 1606 Divina
498 1575 635 1614 eloquia.
1055 1579 1131 1609 Post
1158 1576 1276 1607 aetatis
1302 1576 1408 1616 spatia

185 1656 230 1688 14
241 1665 269 1688 a.
308 1657 451 1688 Palmam
479 1657 643 1688 victricem
671 1657 804 1699 obtinet,
885 1660 971 1694 14b.
1009 1658 1139 1691 Meritis
1166 1658 1234 1689 eius
1260 1666 1442 1697 precamur,

310 1704 409 1742 Quem
419 1704 500 1734 caeli
511 1705 684 1736 claustrum
696 1706 822 1743 retinet,
1008 1707 1074 1738 Nos
1101 1705 1206 1738 iuvari
1233 1714 1416 1738 mereamur

359 1751 421 1784 Ubi
449 1761 512 1790 pax
540 1756 571 1782 et
597 1753 710 1792 gloria.
1055 1755 1091 1786 In
1119 1753 1251 1785 caelesti
1279 1754 1378 1787 curia.

189 1835 230 1866 15
247 1842 276 1864 a.
312 1834 337 1866 Ο
364 1837 499 1873 patrone
526 1834 709 1873 singularis,
889 1839 930 1870 15
943 1837 974 1869 b.
1009 1838 1096 1877 Quae
1114 1835 1270 1877 fundasti,
1290 1846 1418 1878 semper
1436 1848 1523 1882 rege,

311 1882 371 1921 Qui
398 1890 467 1913 cum
496 1881 625 1914 Christo
651 1882 811 1922 gloriaris,
1009 1885 1156 1918 Clemens
1184 1887 1321 1928 custodi,
1349 1890 1483 1928 protege

358 1930 419 1962 Illa
445 1929 650 1969 monasteria7
1054 1934 1106 1966 Ab
1132 1933 1233 1965 hostis
1259 1935 1393 1978 malitia,

189 2014 272 2046 16a.
311 2013 355 2046 Ut
382 2012 562 2052 exemplum
592 2013 784 2053 disciplinae
889 2016 930 2049 16
943 2016 974 2049 b.
1006 2019 1035 2050 A
1062 2022 1095 2049 te
1122 2017 1208 2048 docti
1235 2018 1289 2057 qui
1317 2016 1445 2050 fuerunt

307 2061 501 2094 Custodiant
528 2066 559 2092 et
585 2062 752 2093 doctrinae
1008 2066 1067 2105 Qui
1094 2065 1258 2106 viderunt,
1284 2067 1459 2099 audierunt

358 2112 435 2144 Cum
464 2110 600 2149 perenni
626 2111 742 2151 gratia,
1056 2115 1144 2154 Quae
1170 2112 1252 2146 facis
1279 2115 1450 2155 magnalia.

187 2193 228 2226 17
242 2203 270 2224 a.
307 2193 370 2224 Per
395 2198 436 2233 te,
462 2196 556 2232 pater
578 2192 751 2233 ingenim,
888 2198 929 2229 17
941 2196 970 2229 b.
1005 2197 1075 2228 Hoc
1099 2199 1245 2237 praestet
1271 2196 1339 2227 eius
1365 2198 1479 2239 gratia,

311 2242 388 2275 Cum
416 2239 482 2272 filio
509 2241 696 2283 paraclitus,
1009 2244 1106 2276 Cuius
1132 2244 1220 2284 viget
1246 2244 1418 2278 clementia

356 2289 414 2322 Cui
439 2293 571 2321 aeterna
597 2290 709 2334 gloria,
1055 2291 1191 2324 Saecula
1217 2301 1277 2332 per
1302 2294 1418 2326 omnia.

263 2368 379 2396 Prosar.
402 2377 456 2396 ms.
478 2369 707 2396 Marchianense
728 2378 805 2397 saec.
829 2367 875 2398 15.
898 2370 970 2399 Cod.
990 2371 1124 2398 Duacen.
1148 2366 1212 2396 123.
1234 2385 1271 2389 —
1293 2368 1352 2403 4a,
1377 2369 1395 2399 2
1415 2373 1523 2402 Lauda

186 2407 253 2434 dum
277 2409 469 2436 carocinium.
491 2424 526 2427 —
551 2406 627 2441 10³,
655 2406 673 2435 2
694 2407 752 2436 Sed
773 2408 874 2438 firmus
901 2413 938 2438 et.
961 2426 998 2430 —
1021 2408 1096 2444 14a,
1120 2406 1134 2435 1
1157 2408 1322 2436 viati-icem.
1343 2425 1380 2429 —
1404 2409 1480 2445 leb,
1505 2411 1524 2440 3

185 2446 291 2474 fecisti.
315 2462 350 2465 —
376 2446 410 2475 17
421 2454 447 2479 a,
468 2444 486 2474 3
508 2448 565 2482 Qui
588 2450 656 2474 sunt
677 2449 805 2476 aeterna.
