1654 2756
160 214 220 245 4a.
254 209 407 243 Intendat
433 217 517 241 nunc
542 208 667 240 cantica

258 267 370 290 vocum
396 261 492 298 atque
517 265 667 288 sensuum

257 306 375 345 officia,

163 406 223 436 5a.
255 403 348 435 Nunc
375 410 461 443 ergo,
489 404 599 432 sancte

259 451 298 483 N.
327 450 379 492 N„
407 450 495 481 vocis
520 457 641 489 organa

261 498 461 531 sanctissime
486 502 598 529 nostra
623 506 764 529 consona

261 547 441 583 considera,

261 605 341 636 quae
367 595 425 626 tibi
454 593 596 626 canimus

260 644 369 676 debita
379 654 388 682 ς

165 742 223 773 6a.
255 740 385 771 Tolleus
412 738 517 770 omnia

260 788 352 819 nobis
380 788 524 826 crimina,

261 839 394 875 peccata
418 835 510 866 simul

260 888 290 915 et
318 884 413 924 levia,

168 981 227 1012 7a.
259 979 327 1011 Nec
352 979 437 1011 ultra
464 978 632 1011 horribilia

261 1032 492 1068 temptamenta

264 1085 321 1107 nos
349 1076 475 1107 valeant

263 1125 303 1155 ad
332 1132 485 1165 perversa

264 1172 450 1203 daemonica

267 1225 478 1259 contorquere
504 1218 634 1258 itinerar,

169 1317 232 1349 8a.
262 1315 308 1348 Ut
334 1323 512 1346 mereamur

266 1363 307 1394 ad
334 1363 446 1395 aethra

265 1412 420 1443 scandere
446 1410 554 1442 lucida

789 108 862 144 314
915 126 958 132 -

854 205 918 239 4b.
949 205 1038 243 Quae
1062 212 1121 235 nos
1147 201 1189 235 ad
1213 200 1390 242 praeconia

953 253 1096 284 cauimus
1123 249 1319 283 confessoris

950 299 1132 341 magnifica.

857 398 919 432 5b.
948 396 1095 429 Postulat
1120 395 1223 428 omnis

953 446 1033 478 haec
1059 445 1118 476 tibi
1144 444 1238 485 plebs
1264 443 1407 486 subdita,

951 498 987 526 ut
1014 494 1075 526 Dei
1100 492 1324 526 misericordia

952 542 1134 583 largissima

952 600 1011 631 per
1037 595 1092 622 tua
1117 600 1176 622 nos
1203 590 1308 621 salvet

954 640 1095 679 mex-itas

858 736 920 769 6b.
953 735 1008 773 Et,
1035 743 1117 774 quae
1143 738 1218 766 sunt
1245 739 1337 775 grata

955 783 1028 825 sibi,
1055 781 1156 815 faciat

954 841 1012 863 nos
1037 831 1167 870 operari

955 889 1014 920 per
1038 880 1177 912 saecula.

862 977 923 1010 7b.
955 976 1018 1008 Sed
1046 980 1158 1008 sancta
1184 979 1314 1008 servent
1340 975 1467 1015 agmina

956 1034 1014 1056 nos
1040 1033 1100 1064 per
1125 1024 1233 1056 saecla

957 1072 1104 1113 angelica

956 1121 1042 1152 inter
1067 1120 1129 1152 ista

958 1168 1147 1200 multimoda

957 1217 1050 1248 istius
1077 1217 1147 1248 aevi
1173 1216 1308 1256 pericla,

862 1312 927 1345 Sb.
959 1312 1037 1344 Mox
1064 1312 1127 1344 ista
1152 1313 1217 1344 vita

958 1360 1059 1401 finita,

957 1417 1056 1449 regna
1083 1407 1201 1441 felicia.

171 1509 190 1540 9
203 1516 230 1539 a.
263 1507 298 1539 In
319 1506 432 1547 quibus
451 1515 484 1537 es
502 1509 535 1536 tu
554 1506 648 1537 modo
667 1513 802 1544 regnans
863 1506 882 1537 9
894 1504 925 1536 b.
957 1505 1100 1536 Vestitus
1126 1505 1272 1546 angelica
1297 1505 1390 1543 stola,

267 1564 336 1586 cum
364 1559 475 1586 sancta
501 1554 612 1593 gloria,

958 1558 1091 1585 ornatus
1118 1563 1236 1585 corona

617 1649 671 1681 10.
723 1648 864 1680 Gemmis
890 1649 1068 1689 perlucida.

247 1736 330 1762 Miss.
364 1744 417 1762 ms„
444 1736 474 1763 S.
502 1735 646 1770 Stephani
674 1734 825 1761 ssisuntini
850 1743 927 1762 saec.
957 1734 1001 1762 ll.
1028 1743 1074 1763 ex.
1101 1734 1175 1762 eod.
1208 1736 1356 1763 Bisuntin.
1387 1734 1434 1763 71.
1462 1751 1499 1755 —-

174 1774 200 1808 1,
227 1773 238 1801 1
263 1778 367 1802 amate,
390 1788 427 1792 —
448 1774 500 1806 4a,
522 1772 540 1800 2
561 1782 663 1800 vocum
687 1777 724 1800 et.
745 1788 783 1792 —-
804 1771 856 1805 5b,
882 1773 894 1800 1
918 1773 1106 1809 Expostulat.
1129 1790 1165 1794 —
1187 1772 1241 1805 73,
1263 1774 1281 1802 6
1302 1778 1499 1810 contorquere

171 1822 224 1841 sua
246 1814 362 1841 itinera.
386 1827 421 1831 —
447 1811 499 1845 9a,
523 1811 535 1838 1
560 1820 686 1848 regnans
708 1812 788 1839 fehlt.

613 1915 680 1946 347.
723 1915 765 1946 De
787 1923 847 1946 uno
870 1915 1059 1948 confessore.

172 1991 188 2022 1
204 1999 234 2022 a.
269 1988 472 2021 Uno-malis
497 1987 592 2020 hodie

269 2038 406 2077 gaudeat

267 2085 404 2118 ecclesia

173 2184 233 2217 23.
266 2181 391 2214 Recolit
418 2182 520 2214 omnis

268 2230 389 2264 Christi
414 2231 540 2263 militia.

174 2329 234 2362 3a.
267 2326 404 2365 Christe,
431 2326 603 2367 perducas,

268 2375 323 2407 ubi
349 2380 423 2408 sunt

269 2433 347 2457 vera
373 2425 502 2464 gaudia.

866 1987 927 2020 lb.
957 1988 1023 2021 Pro
1049 1991 1174 2031 sancto,
1204 1990 1293 2021 cuius

961 2046 1066 2069 annua

959 2086 1127 2118 sollemnia

866 2181 929 2215 2b.
959 2182 1089 2214 Meritis
1115 2183 1204 2215 cuius

961 2240 1018 2262 nos
1043 2231 1085 2263 ad
1112 2233 1274 2272 caelestia,

866 2326 927 2361 3b.
961 2327 1012 2360 Ne
1038 2337 1098 2369 pro
1123 2329 1266 2369 peccatis

963 2376 1152 2409 damnemur

962 2425 996 2457 in
1021 2425 1172 2467 miseria;
