<?xml version="1.0" encoding="UTF-8"?>
<!DOCTYPE html PUBLIC "-//W3C//DTD XHTML 1.0 Transitional//EN"
    "http://www.w3.org/TR/xhtml1/DTD/xhtml1-transitional.dtd">
<html xmlns="http://www.w3.org/1999/xhtml" xml:lang="en" lang="en">
 <head>
  <title>
</title>
<meta http-equiv="Content-Type" content="text/html;charset=utf-8" />
  <meta name='ocr-system' content='tesseract 3.04.00' />
  <meta name='ocr-capabilities' content='ocr_page ocr_carea ocr_par ocr_line ocrx_word'/>
</head>
<body>
  <div class='ocr_page' id='page_1' title='image "./analectahymnica42drevuoft_0284.png"; bbox 0 0 1654 2756; ppageno 0'>
   <div class='ocr_carea' id='block_1_1' title="bbox 724 140 988 176">
    <p class='ocr_par' dir='ltr' id='par_1_1' title="bbox 724 140 988 176">
     <span class='ocr_line' id='line_1_1' title="bbox 724 140 988 176; baseline -0.004 0"><span class='ocrx_word' id='word_1_1' title='bbox 724 140 988 176; x_wconf 85' lang='lat'>—281—</span> 
     </span>
    </p>
   </div>
   <div class='ocr_carea' id='block_1_2' title="bbox 261 235 1530 279">
    <p class='ocr_par' dir='ltr' id='par_1_2' title="bbox 261 235 1530 279">
     <span class='ocr_line' id='line_1_2' title="bbox 261 235 1530 279; baseline 0.001 -17"><span class='ocrx_word' id='word_1_2' title='bbox 261 235 354 270; x_wconf 89' lang='lat' dir='ltr'><strong>Trop.</strong></span> <span class='ocrx_word' id='word_1_3' title='bbox 388 244 440 263; x_wconf 89' lang='lat' dir='ltr'><strong>ms.</strong></span> <span class='ocrx_word' id='word_1_4' title='bbox 473 235 641 266; x_wconf 81' lang='lat' dir='ltr'><strong>Catanense</strong></span> <span class='ocrx_word' id='word_1_5' title='bbox 673 246 751 266; x_wconf 72' lang='lat' dir='ltr'><strong>saec.</strong></span> <span class='ocrx_word' id='word_1_6' title='bbox 788 235 831 265; x_wconf 85' lang='lat'><strong>12.</strong></span> <span class='ocrx_word' id='word_1_7' title='bbox 861 236 933 266; x_wconf 91' lang='lat' dir='ltr'><strong>Cod.</strong></span> <span class='ocrx_word' id='word_1_8' title='bbox 966 237 1117 279; x_wconf 60' lang='lat' dir='ltr'><strong>Matgiteu.</strong></span> <span class='ocrx_word' id='word_1_9' title='bbox 1145 238 1302 270; x_wconf 85' lang='lat' dir='ltr'><strong>(Collectio</strong></span> <span class='ocrx_word' id='word_1_10' title='bbox 1330 238 1478 271; x_wconf 78' lang='lat' dir='ltr'><strong>Barbieri)</strong></span> <span class='ocrx_word' id='word_1_11' title='bbox 1507 246 1530 263; x_wconf 90' lang='lat' dir='ltr'><strong>s.</strong></span> 
     </span>
    </p>
   </div>
   <div class='ocr_carea' id='block_1_3' title="bbox 181 274 1533 430">
    <p class='ocr_par' dir='ltr' id='par_1_3' title="bbox 181 274 1533 430">
     <span class='ocr_line' id='line_1_3' title="bbox 184 274 1532 312; baseline 0.003 -12"><span class='ocrx_word' id='word_1_12' title='bbox 184 282 213 301; x_wconf 91' lang='lat' dir='ltr'><strong>n.</strong></span> <span class='ocrx_word' id='word_1_13' title='bbox 232 289 266 293; x_wconf 86' lang='lat'><strong>--</strong></span> <span class='ocrx_word' id='word_1_14' title='bbox 284 275 513 303; x_wconf 79' lang='lat' dir='ltr'><strong>Misset-Weale</strong></span> <span class='ocrx_word' id='word_1_15' title='bbox 534 276 572 309; x_wconf 90' lang='grc' dir='ltr'><strong>ΙΙ,</strong></span> <span class='ocrx_word' id='word_1_16' title='bbox 594 277 646 305; x_wconf 86' lang='lat' dir='ltr'><strong>Nr.</strong></span> <span class='ocrx_word' id='word_1_17' title='bbox 667 274 734 305; x_wconf 89' lang='lat'>835.</span> <span class='ocrx_word' id='word_1_18' title='bbox 755 291 795 298; x_wconf 84' lang='lat'><strong>—·-</strong></span> <span class='ocrx_word' id='word_1_19' title='bbox 816 275 870 308; x_wconf 84' lang='lat' dir='ltr'><strong>3a.</strong></span> <span class='ocrx_word' id='word_1_20' title='bbox 893 275 912 305; x_wconf 82' lang='lat'>2</span> <span class='ocrx_word' id='word_1_21' title='bbox 933 280 1030 304; x_wconf 84' lang='lat' dir='ltr'><strong>sonat.</strong></span> <span class='ocrx_word' id='word_1_22' title='bbox 1052 292 1091 297; x_wconf 77' lang='lat'><strong>--</strong></span> <span class='ocrx_word' id='word_1_23' title='bbox 1111 274 1166 309; x_wconf 65' lang='lat'><strong>3³,</strong></span> <span class='ocrx_word' id='word_1_24' title='bbox 1189 277 1206 305; x_wconf 84' lang='lat'><strong><em>5</em></strong></span> <span class='ocrx_word' id='word_1_25' title='bbox 1228 276 1419 312; x_wconf 75' lang='lat' dir='ltr'><strong>hyperliri&#39;ea.</strong></span> <span class='ocrx_word' id='word_1_26' title='bbox 1441 276 1493 310; x_wconf 79' lang='lat' dir='ltr'><strong>4a,</strong></span> <span class='ocrx_word' id='word_1_27' title='bbox 1514 274 1532 304; x_wconf 88' lang='lat'><strong>3</strong></span> 
     </span>
     <span class='ocr_line' id='line_1_4' title="bbox 181 312 1531 352; baseline 0.001 -12"><span class='ocrx_word' id='word_1_28' title='bbox 181 312 308 348; x_wconf 80' lang='lat' dir='ltr'><strong>dissice3</strong></span> <span class='ocrx_word' id='word_1_29' title='bbox 337 313 394 340; x_wconf 87' lang='lat' dir='ltr'><strong>den</strong></span> <span class='ocrx_word' id='word_1_30' title='bbox 416 315 510 342; x_wconf 87' lang='lat' dir='ltr'><strong>Nebel</strong></span> <span class='ocrx_word' id='word_1_31' title='bbox 538 316 611 343; x_wconf 89' lang='lat' dir='ltr'><strong>wird</strong></span> <span class='ocrx_word' id='word_1_32' title='bbox 638 324 706 347; x_wconf 86' lang='lat' dir='ltr'><strong>man</strong></span> <span class='ocrx_word' id='word_1_33' title='bbox 732 315 810 344; x_wconf 88' lang='lat' dir='ltr'><strong>wohl</strong></span> <span class='ocrx_word' id='word_1_34' title='bbox 843 317 1048 351; x_wconf 57' lang='lat' dir='ltr'><strong>„zerstreueffl</strong></span> <span class='ocrx_word' id='word_1_35' title='bbox 1069 316 1230 352; x_wconf 78' lang='lat' dir='ltr'><strong>(disicere),</strong></span> <span class='ocrx_word' id='word_1_36' title='bbox 1263 317 1336 344; x_wconf 86' lang='lat' dir='ltr'><strong>aber</strong></span> <span class='ocrx_word' id='word_1_37' title='bbox 1358 315 1531 343; x_wconf 82' lang='lat' dir='ltr'><strong>schwerlich</strong></span> 
     </span>
     <span class='ocr_line' id='line_1_5' title="bbox 183 351 1533 391; baseline 0.001 -12"><span class='ocrx_word' id='word_1_38' title='bbox 183 351 432 386; x_wconf 79' lang='lat' dir='ltr'><strong>„zersehneiden“</strong></span> <span class='ocrx_word' id='word_1_39' title='bbox 456 353 630 389; x_wconf 78' lang='lat' dir='ltr'>(dissicere).</span> <span class='ocrx_word' id='word_1_40' title='bbox 647 369 682 373; x_wconf 97' lang='lat'><strong>—</strong></span> <span class='ocrx_word' id='word_1_41' title='bbox 698 356 756 384; x_wconf 90' lang='lat' dir='ltr'><strong>Die</strong></span> <span class='ocrx_word' id='word_1_42' title='bbox 779 354 907 391; x_wconf 84' lang='lat' dir='ltr'><strong>Strophe</strong></span> <span class='ocrx_word' id='word_1_43' title='bbox 928 354 972 383; x_wconf 79' lang='lat' dir='ltr'><strong>ssb</strong></span> <span class='ocrx_word' id='word_1_44' title='bbox 995 356 1089 384; x_wconf 82' lang='lat' dir='ltr'><strong>lautet</strong></span> <span class='ocrx_word' id='word_1_45' title='bbox 1111 356 1279 384; x_wconf 85' lang='lat' dir='ltr'><strong>aufPetri</strong></span> <span class='ocrx_word' id='word_1_46' title='bbox 1306 356 1533 384; x_wconf 79' lang='lat' dir='ltr'>Conversio:</span> 
     </span>
     <span class='ocr_line' id='line_1_6' title="bbox 183 391 1449 430; baseline 0.002 -12"><span class='ocrx_word' id='word_1_47' title='bbox 183 391 285 428; x_wconf 83' lang='lat' dir='ltr'>„Lege</span> <span class='ocrx_word' id='word_1_48' title='bbox 310 392 361 427; x_wconf 89' lang='lat' dir='ltr'><strong>qui</strong></span> <span class='ocrx_word' id='word_1_49' title='bbox 383 392 487 420; x_wconf 87' lang='lat' dir='ltr'><strong>divina</strong></span> <span class='ocrx_word' id='word_1_50' title='bbox 506 391 509 428; x_wconf 94' lang='grc' dir='ltr'>Ι</span> <span class='ocrx_word' id='word_1_51' title='bbox 529 402 559 421; x_wconf 82' lang='lat' dir='ltr'><strong>es</strong></span> <span class='ocrx_word' id='word_1_52' title='bbox 581 397 752 430; x_wconf 75' lang='lat' dir='ltr'><strong>assumptus</strong></span> <span class='ocrx_word' id='word_1_53' title='bbox 771 394 775 429; x_wconf 80' lang='grc' dir='ltr'>Ι</span> <span class='ocrx_word' id='word_1_54' title='bbox 794 394 830 421; x_wconf 88' lang='lat' dir='ltr'><strong>de</strong></span> <span class='ocrx_word' id='word_1_55' title='bbox 852 395 985 422; x_wconf 80' lang='lat' dir='ltr'><strong>Iudaica.</strong></span> <span class='ocrx_word' id='word_1_56' title='bbox 1010 409 1045 413; x_wconf 87' lang='lat'><strong>—</strong></span> <span class='ocrx_word' id='word_1_57' title='bbox 1069 393 1119 425; x_wconf 62' lang='lat'><strong>921.</strong></span> <span class='ocrx_word' id='word_1_58' title='bbox 1146 394 1159 422; x_wconf 94' lang='lat'>1</span> <span class='ocrx_word' id='word_1_59' title='bbox 1183 396 1248 423; x_wconf 89' lang='lat' dir='ltr'><strong>Hac</strong></span> <span class='ocrx_word' id='word_1_60' title='bbox 1271 395 1449 422; x_wconf 84' lang='lat' dir='ltr'><strong>humillima.</strong></span> 
     </span>
    </p>
   </div>
   <div class='ocr_carea' id='block_1_4' title="bbox 586 497 1130 530">
    <p class='ocr_par' dir='ltr' id='par_1_4' title="bbox 586 497 1130 530">
     <span class='ocr_line' id='line_1_7' title="bbox 586 497 1130 530; baseline 0 -2"><span class='ocrx_word' id='word_1_61' title='bbox 586 497 648 529; x_wconf 78' lang='lat'>310.</span> <span class='ocrx_word' id='word_1_62' title='bbox 690 497 724 528; x_wconf 88' lang='lat' dir='ltr'><strong>ln</strong></span> <span class='ocrx_word' id='word_1_63' title='bbox 747 497 960 530; x_wconf 68' lang='lat' dir='ltr'><strong>conversione</strong></span> <span class='ocrx_word' id='word_1_64' title='bbox 982 506 1007 529; x_wconf 77' lang='lat' dir='ltr'><strong>s,</strong></span> <span class='ocrx_word' id='word_1_65' title='bbox 1029 497 1130 530; x_wconf 83' lang='lat' dir='ltr'><strong>Pauli.</strong></span> 
     </span>
    </p>
   </div>
   <div class='ocr_carea' id='block_1_5' title="bbox 184 568 695 610">
    <p class='ocr_par' dir='ltr' id='par_1_5' title="bbox 184 568 695 610">
     <span class='ocr_line' id='line_1_8' title="bbox 184 568 695 610; baseline -0.002 -9"><span class='ocrx_word' id='word_1_66' title='bbox 184 568 244 601; x_wconf 83' lang='lat' dir='ltr'><strong>la.</strong></span> <span class='ocrx_word' id='word_1_67' title='bbox 277 569 385 610; x_wconf 87' lang='lat' dir='ltr'><strong>Paule,</strong></span> <span class='ocrx_word' id='word_1_68' title='bbox 415 569 530 602; x_wconf 85' lang='lat' dir='ltr'><strong>doctor</strong></span> <span class='ocrx_word' id='word_1_69' title='bbox 555 569 695 610; x_wconf 83' lang='lat' dir='ltr'><strong>egregie,</strong></span> 
     </span>
    </p>
   </div>
   <div class='ocr_carea' id='block_1_6' title="bbox 180 753 241 786">
    <p class='ocr_par' dir='ltr' id='par_1_6' title="bbox 180 753 241 786">
     <span class='ocr_line' id='line_1_9' title="bbox 180 753 241 786; baseline 0 -1"><span class='ocrx_word' id='word_1_70' title='bbox 180 753 241 786; x_wconf 86' lang='lat' dir='ltr'><strong>2a.</strong></span> 
     </span>
    </p>
   </div>
   <div class='ocr_carea' id='block_1_7' title="bbox 180 938 240 971">
    <p class='ocr_par' dir='ltr' id='par_1_7' title="bbox 180 938 240 971">
     <span class='ocr_line' id='line_1_10' title="bbox 180 938 240 971; baseline -0.017 0"><span class='ocrx_word' id='word_1_71' title='bbox 180 938 240 971; x_wconf 70' lang='lat'><strong>3³.</strong></span> 
     </span>
    </p>
   </div>
   <div class='ocr_carea' id='block_1_8' title="bbox 177 1171 240 1202">
    <p class='ocr_par' dir='ltr' id='par_1_8' title="bbox 177 1171 240 1202">
     <span class='ocr_line' id='line_1_11' title="bbox 177 1171 240 1202; baseline 0 0"><span class='ocrx_word' id='word_1_72' title='bbox 177 1171 240 1202; x_wconf 89' lang='lat' dir='ltr'><strong>4a.</strong></span> 
     </span>
    </p>
   </div>
   <div class='ocr_carea' id='block_1_9' title="bbox 179 1355 241 1386">
    <p class='ocr_par' dir='ltr' id='par_1_9' title="bbox 179 1355 241 1386">
     <span class='ocr_line' id='line_1_12' title="bbox 179 1355 241 1386; baseline 0 0"><span class='ocrx_word' id='word_1_73' title='bbox 179 1355 241 1386; x_wconf 84' lang='lat' dir='ltr'><strong>5a.</strong></span> 
     </span>
    </p>
   </div>
   <div class='ocr_carea' id='block_1_10' title="bbox 180 1538 241 1572">
    <p class='ocr_par' dir='ltr' id='par_1_10' title="bbox 180 1538 241 1572">
     <span class='ocr_line' id='line_1_13' title="bbox 180 1538 241 1572; baseline 0.033 -3"><span class='ocrx_word' id='word_1_74' title='bbox 180 1538 241 1572; x_wconf 84' lang='lat' dir='ltr'><strong>6a.</strong></span> 
     </span>
    </p>
   </div>
   <div class='ocr_carea' id='block_1_11' title="bbox 181 1724 242 1757">
    <p class='ocr_par' dir='ltr' id='par_1_11' title="bbox 181 1724 242 1757">
     <span class='ocr_line' id='line_1_14' title="bbox 181 1724 242 1757; baseline 0 0"><span class='ocrx_word' id='word_1_75' title='bbox 181 1724 242 1757; x_wconf 69' lang='lat' dir='ltr'><strong>va.</strong></span> 
     </span>
    </p>
   </div>
   <div class='ocr_carea' id='block_1_12' title="bbox 182 2007 244 2042">
    <p class='ocr_par' dir='ltr' id='par_1_12' title="bbox 182 2007 244 2042">
     <span class='ocr_line' id='line_1_15' title="bbox 182 2007 244 2042; baseline 0.016 -2"><span class='ocrx_word' id='word_1_76' title='bbox 182 2007 244 2042; x_wconf 77' lang='lat' dir='ltr'><strong>ea.</strong></span> 
     </span>
    </p>
   </div>
   <div class='ocr_carea' id='block_1_13' title="bbox 182 2195 244 2228">
    <p class='ocr_par' dir='ltr' id='par_1_13' title="bbox 182 2195 244 2228">
     <span class='ocr_line' id='line_1_16' title="bbox 182 2195 244 2228; baseline -0.016 0"><span class='ocrx_word' id='word_1_77' title='bbox 182 2195 244 2228; x_wconf 88' lang='lat' dir='ltr'><strong>9a.</strong></span> 
     </span>
    </p>
   </div>
   <div class='ocr_carea' id='block_1_14' title="bbox 280 617 746 707">
    <p class='ocr_par' dir='ltr' id='par_1_14' title="bbox 280 617 746 707">
     <span class='ocr_line' id='line_1_17' title="bbox 280 617 746 658; baseline 0 -8"><span class='ocrx_word' id='word_1_78' title='bbox 280 618 344 650; x_wconf 87' lang='lat' dir='ltr'><strong>Per</strong></span> <span class='ocrx_word' id='word_1_79' title='bbox 370 622 402 649; x_wconf 86' lang='lat' dir='ltr'><strong>te</strong></span> <span class='ocrx_word' id='word_1_80' title='bbox 428 620 544 658; x_wconf 88' lang='lat' dir='ltr'><strong>patent</strong></span> <span class='ocrx_word' id='word_1_81' title='bbox 567 617 647 649; x_wconf 87' lang='lat' dir='ltr'><strong>caeli</strong></span> <span class='ocrx_word' id='word_1_82' title='bbox 676 617 746 650; x_wconf 86' lang='lat' dir='ltr'><strong>viae</strong></span> 
     </span>
     <span class='ocr_line' id='line_1_18' title="bbox 330 665 707 707; baseline 0 -10"><span class='ocrx_word' id='word_1_83' title='bbox 330 665 486 698; x_wconf 84' lang='lat' dir='ltr'><strong>Transire</strong></span> <span class='ocrx_word' id='word_1_84' title='bbox 513 665 707 707; x_wconf 87' lang='lat' dir='ltr'><strong>volentibus,</strong></span> 
     </span>
    </p>
   </div>
   <div class='ocr_carea' id='block_1_15' title="bbox 279 751 724 890">
    <p class='ocr_par' dir='ltr' id='par_1_15' title="bbox 279 751 724 890">
     <span class='ocr_line' id='line_1_19' title="bbox 279 751 670 785; baseline -0.005 0"><span class='ocrx_word' id='word_1_85' title='bbox 279 751 368 785; x_wconf 85' lang='lat' dir='ltr'><strong>Caeli</strong></span> <span class='ocrx_word' id='word_1_86' title='bbox 395 755 520 784; x_wconf 85' lang='lat' dir='ltr'><strong>secreta</strong></span> <span class='ocrx_word' id='word_1_87' title='bbox 542 752 670 784; x_wconf 89' lang='lat' dir='ltr'><strong>rimaris</strong></span> 
     </span>
     <span class='ocr_line' id='line_1_20' title="bbox 279 800 724 843; baseline -0.004 -9"><span class='ocrx_word' id='word_1_88' title='bbox 279 800 330 834; x_wconf 85' lang='lat' dir='ltr'><strong>De</strong></span> <span class='ocrx_word' id='word_1_89' title='bbox 356 800 571 843; x_wconf 79' lang='lat' dir='ltr'><strong>supernisque</strong></span> <span class='ocrx_word' id='word_1_90' title='bbox 598 802 724 833; x_wconf 81' lang='lat' dir='ltr'><strong>vocaris</strong></span> 
     </span>
     <span class='ocr_line' id='line_1_21' title="bbox 329 849 621 890; baseline 0.003 -8"><span class='ocrx_word' id='word_1_91' title='bbox 329 850 366 882; x_wconf 94' lang='lat' dir='ltr'><strong>In</strong></span> <span class='ocrx_word' id='word_1_92' title='bbox 393 849 621 890; x_wconf 87' lang='lat' dir='ltr'><strong>apostolatum.</strong></span> 
     </span>
    </p>
   </div>
   <div class='ocr_carea' id='block_1_16' title="bbox 272 937 828 1075">
    <p class='ocr_par' dir='ltr' id='par_1_16' title="bbox 272 937 828 1075">
     <span class='ocr_line' id='line_1_22' title="bbox 272 937 828 979; baseline -0.004 -9"><span class='ocrx_word' id='word_1_93' title='bbox 272 939 341 977; x_wconf 81' lang='lat' dir='ltr'><strong>Quo</strong></span> <span class='ocrx_word' id='word_1_94' title='bbox 367 937 515 969; x_wconf 82' lang='lat' dir='ltr'><strong>lustrasti</strong></span> <span class='ocrx_word' id='word_1_95' title='bbox 541 942 642 969; x_wconf 91' lang='lat' dir='ltr'><strong>totum</strong></span> <span class='ocrx_word' id='word_1_96' title='bbox 661 937 828 979; x_wconf 83' lang='lat' dir='ltr'><strong>mundum,</strong></span> 
     </span>
     <span class='ocr_line' id='line_1_23' title="bbox 277 985 715 1019; baseline -0.002 -1"><span class='ocrx_word' id='word_1_97' title='bbox 277 987 348 1019; x_wconf 86' lang='lat' dir='ltr'><strong>Tua</strong></span> <span class='ocrx_word' id='word_1_98' title='bbox 375 985 524 1018; x_wconf 80' lang='lat' dir='ltr'><strong>doctrina</strong></span> <span class='ocrx_word' id='word_1_99' title='bbox 550 986 715 1018; x_wconf 84' lang='lat' dir='ltr'><strong>abundum</strong></span> 
     </span>
     <span class='ocr_line' id='line_1_24' title="bbox 326 1034 657 1075; baseline 0.003 -9"><span class='ocrx_word' id='word_1_100' title='bbox 326 1035 470 1075; x_wconf 86' lang='lat' dir='ltr'><strong>Replesti</strong></span> <span class='ocrx_word' id='word_1_101' title='bbox 500 1034 657 1067; x_wconf 84' lang='lat' dir='ltr'><strong>docendo.</strong></span> 
     </span>
    </p>
   </div>
   <div class='ocr_carea' id='block_1_17' title="bbox 274 1168 760 1306">
    <p class='ocr_par' dir='ltr' id='par_1_17' title="bbox 274 1168 760 1306">
     <span class='ocr_line' id='line_1_25' title="bbox 274 1168 760 1208; baseline -0.004 -6"><span class='ocrx_word' id='word_1_102' title='bbox 274 1169 432 1208; x_wconf 79' lang='lat' dir='ltr'><strong>Corinthi,</strong></span> <span class='ocrx_word' id='word_1_103' title='bbox 460 1169 595 1208; x_wconf 84' lang='lat' dir='ltr'><strong>Ephesi,</strong></span> <span class='ocrx_word' id='word_1_104' title='bbox 624 1168 760 1200; x_wconf 80' lang='lat' dir='ltr'><strong>Galatae</strong></span> 
     </span>
     <span class='ocr_line' id='line_1_26' title="bbox 275 1218 758 1250; baseline -0.004 0"><span class='ocrx_word' id='word_1_105' title='bbox 275 1218 382 1250; x_wconf 91' lang='lat' dir='ltr'><strong>Deum</strong></span> <span class='ocrx_word' id='word_1_106' title='bbox 410 1227 522 1250; x_wconf 90' lang='lat' dir='ltr'><strong>verum</strong></span> <span class='ocrx_word' id='word_1_107' title='bbox 549 1218 655 1249; x_wconf 89' lang='lat' dir='ltr'><strong>sciunt</strong></span> <span class='ocrx_word' id='word_1_108' title='bbox 681 1226 700 1248; x_wconf 88' lang='lat' dir='ltr'><strong>a</strong></span> <span class='ocrx_word' id='word_1_109' title='bbox 726 1221 758 1248; x_wconf 88' lang='lat' dir='ltr'><strong>te</strong></span> 
     </span>
     <span class='ocr_line' id='line_1_27' title="bbox 322 1265 711 1306; baseline -0.005 -8"><span class='ocrx_word' id='word_1_110' title='bbox 322 1265 459 1298; x_wconf 89' lang='lat' dir='ltr'><strong>Missum</strong></span> <span class='ocrx_word' id='word_1_111' title='bbox 486 1265 518 1297; x_wconf 91' lang='lat' dir='ltr'><strong>in</strong></span> <span class='ocrx_word' id='word_1_112' title='bbox 546 1265 711 1306; x_wconf 87' lang='lat' dir='ltr'><strong>epistolis;</strong></span> 
     </span>
    </p>
   </div>
   <div class='ocr_carea' id='block_1_18' title="bbox 274 1352 828 1490">
    <p class='ocr_par' dir='ltr' id='par_1_18' title="bbox 274 1352 828 1490">
     <span class='ocr_line' id='line_1_28' title="bbox 274 1352 828 1394; baseline -0.004 -8"><span class='ocrx_word' id='word_1_113' title='bbox 274 1353 412 1394; x_wconf 87' lang='lat' dir='ltr'><strong>Propter</strong></span> <span class='ocrx_word' id='word_1_114' title='bbox 438 1361 533 1394; x_wconf 86' lang='lat' dir='ltr'><strong>quem</strong></span> <span class='ocrx_word' id='word_1_115' title='bbox 552 1358 602 1384; x_wconf 86' lang='lat' dir='ltr'><strong>ter</strong></span> <span class='ocrx_word' id='word_1_116' title='bbox 620 1352 828 1394; x_wconf 87' lang='lat' dir='ltr'><strong>naufragaris</strong></span> 
     </span>
     <span class='ocr_line' id='line_1_29' title="bbox 279 1401 753 1445; baseline 0 -11"><span class='ocrx_word' id='word_1_117' title='bbox 279 1402 324 1434; x_wconf 88' lang='lat' dir='ltr'><strong>Et</strong></span> <span class='ocrx_word' id='word_1_118' title='bbox 347 1406 398 1433; x_wconf 86' lang='lat' dir='ltr'><strong>ter</strong></span> <span class='ocrx_word' id='word_1_119' title='bbox 424 1402 525 1441; x_wconf 78' lang='lat' dir='ltr'><strong>virgis</strong></span> <span class='ocrx_word' id='word_1_120' title='bbox 551 1401 753 1445; x_wconf 64' lang='lat' dir='ltr'><strong>medebaris,</strong></span> 
     </span>
     <span class='ocr_line' id='line_1_30' title="bbox 326 1449 636 1490; baseline 0.006 -9"><span class='ocrx_word' id='word_1_121' title='bbox 326 1449 433 1482; x_wconf 89' lang='lat' dir='ltr'><strong>Semel</strong></span> <span class='ocrx_word' id='word_1_122' title='bbox 460 1450 636 1490; x_wconf 82' lang='lat' dir='ltr'><strong>lapidatus,</strong></span> 
     </span>
    </p>
   </div>
   <div class='ocr_carea' id='block_1_19' title="bbox 275 1535 695 1675">
    <p class='ocr_par' dir='ltr' id='par_1_19' title="bbox 275 1535 695 1675">
     <span class='ocr_line' id='line_1_31' title="bbox 275 1535 668 1580; baseline -0.005 -10"><span class='ocrx_word' id='word_1_123' title='bbox 275 1535 314 1570; x_wconf 93' lang='lat' dir='ltr'><strong>In</strong></span> <span class='ocrx_word' id='word_1_124' title='bbox 341 1536 477 1570; x_wconf 88' lang='lat' dir='ltr'><strong>infinitis</strong></span> <span class='ocrx_word' id='word_1_125' title='bbox 503 1538 668 1580; x_wconf 78' lang='lat' dir='ltr'><strong>periculis,</strong></span> 
     </span>
     <span class='ocr_line' id='line_1_32' title="bbox 278 1586 695 1619; baseline -0.002 0"><span class='ocrx_word' id='word_1_126' title='bbox 278 1586 473 1619; x_wconf 86' lang='lat' dir='ltr'><strong>Carceribus</strong></span> <span class='ocrx_word' id='word_1_127' title='bbox 500 1590 532 1618; x_wconf 89' lang='lat' dir='ltr'><strong>et</strong></span> <span class='ocrx_word' id='word_1_128' title='bbox 558 1587 695 1619; x_wconf 88' lang='lat' dir='ltr'><strong>vinculis</strong></span> 
     </span>
     <span class='ocr_line' id='line_1_33' title="bbox 326 1635 608 1675; baseline -0.004 -6"><span class='ocrx_word' id='word_1_129' title='bbox 326 1637 377 1669; x_wconf 84' lang='lat' dir='ltr'><strong>Ac</strong></span> <span class='ocrx_word' id='word_1_130' title='bbox 403 1636 434 1667; x_wconf 92' lang='lat' dir='ltr'><strong>in</strong></span> <span class='ocrx_word' id='word_1_131' title='bbox 464 1635 608 1675; x_wconf 85' lang='lat' dir='ltr'><strong>civitate,</strong></span> 
     </span>
    </p>
   </div>
   <div class='ocr_carea' id='block_1_20' title="bbox 274 1723 826 1961">
    <p class='ocr_par' dir='ltr' id='par_1_20' title="bbox 274 1723 826 1961">
     <span class='ocr_line' id='line_1_34' title="bbox 274 1723 599 1764; baseline -0.006 -8"><span class='ocrx_word' id='word_1_132' title='bbox 274 1723 325 1756; x_wconf 85' lang='lat' dir='ltr'><strong>Ne</strong></span> <span class='ocrx_word' id='word_1_133' title='bbox 351 1726 383 1754; x_wconf 89' lang='lat' dir='ltr'><strong>te</strong></span> <span class='ocrx_word' id='word_1_134' title='bbox 410 1723 599 1764; x_wconf 83' lang='lat' dir='ltr'><strong>magnitudo</strong></span> 
     </span>
     <span class='ocr_line' id='line_1_35' title="bbox 328 1771 692 1814; baseline -0.003 -10"><span class='ocrx_word' id='word_1_135' title='bbox 328 1772 517 1805; x_wconf 83' lang='lat' dir='ltr'><strong>Sermonum</strong></span> <span class='ocrx_word' id='word_1_136' title='bbox 529 1795 536 1799; x_wconf 92' lang='lat'>.</span> <span class='ocrx_word' id='word_1_137' title='bbox 547 1771 692 1814; x_wconf 82' lang='lat' dir='ltr'><strong>extollat,</strong></span> 
     </span>
     <span class='ocr_line' id='line_1_36' title="bbox 276 1821 546 1862; baseline -0.011 -8"><span class='ocrx_word' id='word_1_138' title='bbox 276 1821 320 1854; x_wconf 90' lang='lat' dir='ltr'><strong>Et</strong></span> <span class='ocrx_word' id='word_1_139' title='bbox 345 1821 546 1862; x_wconf 85' lang='lat' dir='ltr'><strong>ingratitudo</strong></span> 
     </span>
     <span class='ocr_line' id='line_1_37' title="bbox 326 1869 702 1911; baseline -0.003 -9"><span class='ocrx_word' id='word_1_140' title='bbox 326 1870 509 1903; x_wconf 83' lang='lat' dir='ltr'><strong>Praemium</strong></span> <span class='ocrx_word' id='word_1_141' title='bbox 536 1869 702 1911; x_wconf 80' lang='lat' dir='ltr'><strong>abstollat,</strong></span> 
     </span>
     <span class='ocr_line' id='line_1_38' title="bbox 374 1919 826 1961; baseline -0.002 -10"><span class='ocrx_word' id='word_1_142' title='bbox 374 1919 491 1961; x_wconf 88' lang='lat' dir='ltr'><strong>Pungit</strong></span> <span class='ocrx_word' id='word_1_143' title='bbox 502 1924 534 1951; x_wconf 90' lang='lat' dir='ltr'><strong>te</strong></span> <span class='ocrx_word' id='word_1_144' title='bbox 544 1920 650 1952; x_wconf 83' lang='lat' dir='ltr'><strong>carnis</strong></span> <span class='ocrx_word' id='word_1_145' title='bbox 661 1919 826 1959; x_wconf 87' lang='lat' dir='ltr'><strong>stimulus;</strong></span> 
     </span>
    </p>
   </div>
   <div class='ocr_carea' id='block_1_21' title="bbox 276 2007 773 2151">
    <p class='ocr_par' dir='ltr' id='par_1_21' title="bbox 276 2007 773 2151">
     <span class='ocr_line' id='line_1_39' title="bbox 278 2007 668 2050; baseline -0.005 -9"><span class='ocrx_word' id='word_1_146' title='bbox 278 2009 376 2050; x_wconf 84' lang='lat' dir='ltr'><strong>Ergo,</strong></span> <span class='ocrx_word' id='word_1_147' title='bbox 404 2018 461 2040; x_wconf 82' lang='lat' dir='ltr'><strong>vas</strong></span> <span class='ocrx_word' id='word_1_148' title='bbox 487 2007 668 2050; x_wconf 81' lang='lat' dir='ltr'><strong>electionis,</strong></span> 
     </span>
     <span class='ocr_line' id='line_1_40' title="bbox 276 2057 636 2090; baseline -0.003 0"><span class='ocrx_word' id='word_1_149' title='bbox 276 2058 461 2090; x_wconf 86' lang='lat' dir='ltr'><strong>Exsecutor</strong></span> <span class='ocrx_word' id='word_1_150' title='bbox 487 2057 636 2089; x_wconf 86' lang='lat' dir='ltr'><strong>lectionis</strong></span> 
     </span>
     <span class='ocr_line' id='line_1_41' title="bbox 325 2103 773 2151; baseline -0.002 -12"><span class='ocrx_word' id='word_1_151' title='bbox 325 2103 527 2151; x_wconf 87' lang='lat' dir='ltr'><strong>[Promptus]</strong></span> <span class='ocrx_word' id='word_1_152' title='bbox 555 2106 773 2147; x_wconf 87' lang='lat' dir='ltr'><strong>evangelicae,</strong></span> 
     </span>
    </p>
   </div>
   <div class='ocr_carea' id='block_1_22' title="bbox 277 2194 787 2334">
    <p class='ocr_par' dir='ltr' id='par_1_22' title="bbox 277 2194 787 2334">
     <span class='ocr_line' id='line_1_42' title="bbox 277 2194 754 2236; baseline -0.002 -9"><span class='ocrx_word' id='word_1_153' title='bbox 277 2195 379 2228; x_wconf 86' lang='lat' dir='ltr'><strong>Tuam</strong></span> <span class='ocrx_word' id='word_1_154' title='bbox 406 2197 540 2236; x_wconf 85' lang='lat' dir='ltr'><strong>agentes</strong></span> <span class='ocrx_word' id='word_1_155' title='bbox 567 2194 754 2226; x_wconf 87' lang='lat' dir='ltr'><strong>memoriam</strong></span> 
     </span>
     <span class='ocr_line' id='line_1_43' title="bbox 278 2243 787 2285; baseline -0.002 -9"><span class='ocrx_word' id='word_1_156' title='bbox 278 2243 348 2276; x_wconf 88' lang='lat' dir='ltr'><strong>Duc</strong></span> <span class='ocrx_word' id='word_1_157' title='bbox 375 2244 418 2276; x_wconf 87' lang='lat' dir='ltr'><strong>ad</strong></span> <span class='ocrx_word' id='word_1_158' title='bbox 446 2243 618 2276; x_wconf 82' lang='lat' dir='ltr'><strong>caelestem</strong></span> <span class='ocrx_word' id='word_1_159' title='bbox 646 2244 787 2285; x_wconf 84' lang='lat' dir='ltr'><strong>patriam</strong></span> 
     </span>
     <span class='ocr_line' id='line_1_44' title="bbox 324 2292 671 2334; baseline 0 -8"><span class='ocrx_word' id='word_1_160' title='bbox 324 2292 396 2326; x_wconf 86' lang='lat' dir='ltr'><strong>Tua</strong></span> <span class='ocrx_word' id='word_1_161' title='bbox 421 2302 481 2334; x_wconf 90' lang='lat' dir='ltr'><strong>per</strong></span> <span class='ocrx_word' id='word_1_162' title='bbox 507 2292 671 2334; x_wconf 85' lang='lat' dir='ltr'><strong>suffragia.</strong></span> 
     </span>
    </p>
   </div>
   <div class='ocr_carea' id='block_1_23' title="bbox 891 569 950 603">
    <p class='ocr_par' dir='ltr' id='par_1_23' title="bbox 891 569 950 603">
     <span class='ocr_line' id='line_1_45' title="bbox 891 569 950 603; baseline -0.068 0"><span class='ocrx_word' id='word_1_163' title='bbox 891 569 950 603; x_wconf 90' lang='lat' dir='ltr'><strong>lb.</strong></span> 
     </span>
    </p>
   </div>
   <div class='ocr_carea' id='block_1_24' title="bbox 888 753 949 786">
    <p class='ocr_par' dir='ltr' id='par_1_24' title="bbox 888 753 949 786">
     <span class='ocr_line' id='line_1_46' title="bbox 888 753 949 786; baseline -0.033 0"><span class='ocrx_word' id='word_1_164' title='bbox 888 753 949 786; x_wconf 86' lang='lat' dir='ltr'><strong>2b.</strong></span> 
     </span>
    </p>
   </div>
   <div class='ocr_carea' id='block_1_25' title="bbox 888 937 950 972">
    <p class='ocr_par' dir='ltr' id='par_1_25' title="bbox 888 937 950 972">
     <span class='ocr_line' id='line_1_47' title="bbox 888 937 950 972; baseline -0.032 0"><span class='ocrx_word' id='word_1_165' title='bbox 888 937 950 972; x_wconf 87' lang='lat' dir='ltr'><strong>3b.</strong></span> 
     </span>
    </p>
   </div>
   <div class='ocr_carea' id='block_1_26' title="bbox 888 1169 950 1203">
    <p class='ocr_par' dir='ltr' id='par_1_26' title="bbox 888 1169 950 1203">
     <span class='ocr_line' id='line_1_48' title="bbox 888 1169 950 1203; baseline 0 -1"><span class='ocrx_word' id='word_1_166' title='bbox 888 1169 950 1203; x_wconf 84' lang='lat' dir='ltr'><strong>4b.</strong></span> 
     </span>
    </p>
   </div>
   <div class='ocr_carea' id='block_1_27' title="bbox 889 1353 952 1386">
    <p class='ocr_par' dir='ltr' id='par_1_27' title="bbox 889 1353 952 1386">
     <span class='ocr_line' id='line_1_49' title="bbox 889 1353 952 1386; baseline -0.016 0"><span class='ocrx_word' id='word_1_167' title='bbox 889 1353 952 1386; x_wconf 88' lang='lat' dir='ltr'><strong>5b.</strong></span> 
     </span>
    </p>
   </div>
   <div class='ocr_carea' id='block_1_28' title="bbox 889 1537 951 1571">
    <p class='ocr_par' dir='ltr' id='par_1_28' title="bbox 889 1537 951 1571">
     <span class='ocr_line' id='line_1_50' title="bbox 889 1537 951 1571; baseline -0.016 0"><span class='ocrx_word' id='word_1_168' title='bbox 889 1537 951 1571; x_wconf 76' lang='lat' dir='ltr'><strong>eb.</strong></span> 
     </span>
    </p>
   </div>
   <div class='ocr_carea' id='block_1_29' title="bbox 890 1723 953 1757">
    <p class='ocr_par' dir='ltr' id='par_1_29' title="bbox 890 1723 953 1757">
     <span class='ocr_line' id='line_1_51' title="bbox 890 1723 953 1757; baseline -0.048 0"><span class='ocrx_word' id='word_1_169' title='bbox 890 1723 953 1757; x_wconf 82' lang='lat' dir='ltr'><strong>7b.</strong></span> 
     </span>
    </p>
   </div>
   <div class='ocr_carea' id='block_1_30' title="bbox 889 2008 956 2042">
    <p class='ocr_par' dir='ltr' id='par_1_30' title="bbox 889 2008 956 2042">
     <span class='ocr_line' id='line_1_52' title="bbox 889 2008 956 2042; baseline 0 -1"><span class='ocrx_word' id='word_1_170' title='bbox 889 2008 956 2042; x_wconf 84' lang='lat' dir='ltr'><strong>8b.</strong></span> 
     </span>
    </p>
   </div>
   <div class='ocr_carea' id='block_1_31' title="bbox 890 2194 954 2228">
    <p class='ocr_par' dir='ltr' id='par_1_31' title="bbox 890 2194 954 2228">
     <span class='ocr_line' id='line_1_53' title="bbox 890 2194 954 2228; baseline -0.031 0"><span class='ocrx_word' id='word_1_171' title='bbox 890 2194 954 2228; x_wconf 88' lang='lat' dir='ltr'><strong>9b.</strong></span> 
     </span>
    </p>
   </div>
   <div class='ocr_carea' id='block_1_32' title="bbox 983 568 1531 708">
    <p class='ocr_par' dir='ltr' id='par_1_32' title="bbox 983 568 1531 708">
     <span class='ocr_line' id='line_1_54' title="bbox 983 568 1531 612; baseline -0.004 -10"><span class='ocrx_word' id='word_1_172' title='bbox 983 570 1150 609; x_wconf 78' lang='lat' dir='ltr'><strong>Quondam</strong></span> <span class='ocrx_word' id='word_1_173' title='bbox 1167 575 1281 609; x_wconf 78' lang='lat' dir='ltr'><strong>tortor,</strong></span> <span class='ocrx_word' id='word_1_174' title='bbox 1298 570 1428 602; x_wconf 82' lang='lat' dir='ltr'><strong>tandem</strong></span> <span class='ocrx_word' id='word_1_175' title='bbox 1447 568 1531 612; x_wconf 90' lang='lat' dir='ltr'><strong>[pie]</strong></span> 
     </span>
     <span class='ocr_line' id='line_1_55' title="bbox 987 618 1374 650; baseline 0 0"><span class='ocrx_word' id='word_1_176' title='bbox 987 618 1193 650; x_wconf 88' lang='lat' dir='ltr'><strong>Gubernator</strong></span> <span class='ocrx_word' id='word_1_177' title='bbox 1219 619 1374 650; x_wconf 70' lang='lat' dir='ltr'><strong>ecelesiae</strong></span> 
     </span>
     <span class='ocr_line' id='line_1_56' title="bbox 1034 665 1466 708; baseline -0.005 -9"><span class='ocrx_word' id='word_1_178' title='bbox 1034 667 1194 705; x_wconf 81' lang='lat' dir='ltr'><strong>Dogmata</strong></span> <span class='ocrx_word' id='word_1_179' title='bbox 1222 667 1279 699; x_wconf 81' lang='lat' dir='ltr'><strong>(las</strong></span> <span class='ocrx_word' id='word_1_180' title='bbox 1306 665 1466 708; x_wconf 80' lang='lat' dir='ltr'><strong>gentibus.</strong></span> 
     </span>
    </p>
   </div>
   <div class='ocr_carea' id='block_1_33' title="bbox 983 753 1530 889">
    <p class='ocr_par' dir='ltr' id='par_1_33' title="bbox 983 753 1530 889">
     <span class='ocr_line' id='line_1_57' title="bbox 983 753 1494 792; baseline -0.004 -6"><span class='ocrx_word' id='word_1_181' title='bbox 983 753 1105 786; x_wconf 88' lang='lat' dir='ltr'><strong>Caecus</strong></span> <span class='ocrx_word' id='word_1_182' title='bbox 1131 753 1162 785; x_wconf 88' lang='lat' dir='ltr'><strong>in</strong></span> <span class='ocrx_word' id='word_1_183' title='bbox 1190 757 1278 785; x_wconf 87' lang='lat' dir='ltr'><strong>terra</strong></span> <span class='ocrx_word' id='word_1_184' title='bbox 1306 753 1494 792; x_wconf 72' lang='lat' dir='ltr'><strong>prostraris,</strong></span> 
     </span>
     <span class='ocr_line' id='line_1_58' title="bbox 985 801 1530 841; baseline -0.002 -7"><span class='ocrx_word' id='word_1_185' title='bbox 985 802 1119 839; x_wconf 79' lang='lat' dir='ltr'><strong>Lumen,</strong></span> <span class='ocrx_word' id='word_1_186' title='bbox 1146 807 1317 841; x_wconf 82' lang='lat' dir='ltr'><strong>antequam</strong></span> <span class='ocrx_word' id='word_1_187' title='bbox 1340 801 1530 841; x_wconf 83' lang='lat' dir='ltr'><strong>baptizaris,</strong></span> 
     </span>
     <span class='ocr_line' id='line_1_59' title="bbox 1033 850 1372 889; baseline -0.003 -6"><span class='ocrx_word' id='word_1_188' title='bbox 1033 851 1093 883; x_wconf 85' lang='lat' dir='ltr'><strong>Est</strong></span> <span class='ocrx_word' id='word_1_189' title='bbox 1121 850 1181 882; x_wconf 88' lang='lat' dir='ltr'><strong>tibi</strong></span> <span class='ocrx_word' id='word_1_190' title='bbox 1208 851 1372 889; x_wconf 75' lang='lat' dir='ltr'><strong>collatum,</strong></span> 
     </span>
    </p>
   </div>
   <div class='ocr_carea' id='block_1_34' title="bbox 983 937 1531 1116">
    <p class='ocr_par' dir='ltr' id='par_1_34' title="bbox 983 937 1531 1116">
     <span class='ocr_line' id='line_1_60' title="bbox 983 937 1531 979; baseline -0.004 -9"><span class='ocrx_word' id='word_1_191' title='bbox 983 937 1066 970; x_wconf 85' lang='lat' dir='ltr'><strong>Nam</strong></span> <span class='ocrx_word' id='word_1_192' title='bbox 1093 943 1229 979; x_wconf 76' lang='lat' dir='ltr'><strong>cuncta,</strong></span> <span class='ocrx_word' id='word_1_193' title='bbox 1258 945 1402 977; x_wconf 83' lang='lat' dir='ltr'><strong>quaeque</strong></span> <span class='ocrx_word' id='word_1_194' title='bbox 1427 937 1531 977; x_wconf 86' lang='lat' dir='ltr'><strong>scrip-</strong></span> 
     </span>
     <span class='ocr_line' id='line_1_61' title="bbox 1294 986 1376 1027; baseline 0 -10"><span class='ocrx_word' id='word_1_195' title='bbox 1294 986 1376 1027; x_wconf 87' lang='lat' dir='ltr'><strong>sisti,</strong></span> 
     </span>
     <span class='ocr_line' id='line_1_62' title="bbox 985 1033 1483 1074; baseline -0.002 -9"><span class='ocrx_word' id='word_1_196' title='bbox 985 1035 1139 1066; x_wconf 87' lang='lat' dir='ltr'><strong>Nostrum</strong></span> <span class='ocrx_word' id='word_1_197' title='bbox 1165 1033 1346 1074; x_wconf 83' lang='lat' dir='ltr'><strong>profectum</strong></span> <span class='ocrx_word' id='word_1_198' title='bbox 1376 1033 1483 1065; x_wconf 87' lang='lat' dir='ltr'><strong>fecisti</strong></span> 
     </span>
     <span class='ocr_line' id='line_1_63' title="bbox 1035 1082 1374 1116; baseline 0.003 -1"><span class='ocrx_word' id='word_1_199' title='bbox 1035 1082 1137 1115; x_wconf 83' lang='lat' dir='ltr'><strong>Saluti</strong></span> <span class='ocrx_word' id='word_1_200' title='bbox 1167 1083 1374 1116; x_wconf 80' lang='lat' dir='ltr'><strong>consulendo,</strong></span> 
     </span>
    </p>
   </div>
   <div class='ocr_carea' id='block_1_35' title="bbox 982 1169 1530 1305">
    <p class='ocr_par' dir='ltr' id='par_1_35' title="bbox 982 1169 1530 1305">
     <span class='ocr_line' id='line_1_64' title="bbox 982 1169 1476 1207; baseline -0.004 -6"><span class='ocrx_word' id='word_1_201' title='bbox 982 1169 1130 1205; x_wconf 69' lang='lat' dir='ltr'><strong>Romani,</strong></span> <span class='ocrx_word' id='word_1_202' title='bbox 1159 1169 1476 1207; x_wconf 73' lang='lat' dir='ltr'><strong>Thessalonicenses,</strong></span> 
     </span>
     <span class='ocr_line' id='line_1_65' title="bbox 985 1217 1427 1257; baseline -0.002 -8"><span class='ocrx_word' id='word_1_203' title='bbox 985 1217 1192 1257; x_wconf 82' lang='lat' dir='ltr'><strong>Hebraeique</strong></span> <span class='ocrx_word' id='word_1_204' title='bbox 1220 1218 1427 1250; x_wconf 80' lang='lat' dir='ltr'><strong>Colossenses</strong></span> 
     </span>
     <span class='ocr_line' id='line_1_66' title="bbox 1036 1266 1530 1305; baseline 0 -8"><span class='ocrx_word' id='word_1_205' title='bbox 1036 1266 1150 1298; x_wconf 78' lang='lat' dir='ltr'><strong>Colunt</strong></span> <span class='ocrx_word' id='word_1_206' title='bbox 1170 1267 1264 1300; x_wconf 75' lang='lat' dir='ltr'><strong>hunc,</strong></span> <span class='ocrx_word' id='word_1_207' title='bbox 1284 1275 1377 1305; x_wconf 88' lang='lat' dir='ltr'><strong>quem</strong></span> <span class='ocrx_word' id='word_1_208' title='bbox 1393 1270 1427 1296; x_wconf 89' lang='lat' dir='ltr'><strong>tu</strong></span> <span class='ocrx_word' id='word_1_209' title='bbox 1442 1266 1530 1297; x_wconf 87' lang='lat' dir='ltr'><strong>colis.</strong></span> 
     </span>
    </p>
   </div>
   <div class='ocr_carea' id='block_1_36' title="bbox 985 1352 1534 1487">
    <p class='ocr_par' dir='ltr' id='par_1_36' title="bbox 985 1352 1534 1487">
     <span class='ocr_line' id='line_1_67' title="bbox 986 1352 1531 1392; baseline -0.004 -7"><span class='ocrx_word' id='word_1_210' title='bbox 986 1352 1035 1385; x_wconf 88' lang='lat' dir='ltr'><strong>De</strong></span> <span class='ocrx_word' id='word_1_211' title='bbox 1053 1354 1214 1386; x_wconf 77' lang='lat' dir='ltr'><strong>Damasco</strong></span> <span class='ocrx_word' id='word_1_212' title='bbox 1233 1361 1296 1384; x_wconf 91' lang='lat' dir='ltr'><strong>non</strong></span> <span class='ocrx_word' id='word_1_213' title='bbox 1316 1362 1374 1392; x_wconf 83' lang='lat' dir='ltr'><strong>per</strong></span> <span class='ocrx_word' id='word_1_214' title='bbox 1393 1358 1531 1392; x_wconf 74' lang='lat' dir='ltr'><strong>portam7</strong></span> 
     </span>
     <span class='ocr_line' id='line_1_68' title="bbox 985 1400 1534 1440; baseline -0.004 -6"><span class='ocrx_word' id='word_1_215' title='bbox 985 1401 1051 1434; x_wconf 77' lang='lat' dir='ltr'><strong>Sed</strong></span> <span class='ocrx_word' id='word_1_216' title='bbox 1078 1412 1097 1434; x_wconf 70' lang='lat' dir='ltr'><strong>a</strong></span> <span class='ocrx_word' id='word_1_217' title='bbox 1121 1400 1279 1433; x_wconf 60' lang='lat' dir='ltr'><strong>fratribus</strong></span> <span class='ocrx_word' id='word_1_218' title='bbox 1307 1411 1364 1440; x_wconf 79' lang='lat' dir='ltr'><strong>per</strong></span> <span class='ocrx_word' id='word_1_219' title='bbox 1389 1405 1534 1440; x_wconf 78' lang='lat' dir='ltr'><strong>sportam</strong></span> 
     </span>
     <span class='ocr_line' id='line_1_69' title="bbox 1034 1451 1457 1487; baseline 0.002 -5"><span class='ocrx_word' id='word_1_220' title='bbox 1034 1451 1138 1482; x_wconf 80' lang='lat' dir='ltr'><strong>Trans</strong></span> <span class='ocrx_word' id='word_1_221' title='bbox 1166 1459 1289 1481; x_wconf 84' lang='lat' dir='ltr'><strong>murum</strong></span> <span class='ocrx_word' id='word_1_222' title='bbox 1312 1451 1457 1487; x_wconf 68' lang='lat' dir='ltr'><strong>,delatus</strong></span> 
     </span>
    </p>
   </div>
   <div class='ocr_carea' id='block_1_37' title="bbox 985 1537 1427 1668">
    <p class='ocr_par' dir='ltr' id='par_1_37' title="bbox 985 1537 1427 1668">
     <span class='ocr_line' id='line_1_70' title="bbox 985 1537 1418 1570; baseline -0.005 -1"><span class='ocrx_word' id='word_1_223' title='bbox 985 1538 1021 1569; x_wconf 92' lang='lat' dir='ltr'><strong>In</strong></span> <span class='ocrx_word' id='word_1_224' title='bbox 1048 1537 1130 1570; x_wconf 80' lang='lat' dir='ltr'><strong>mari</strong></span> <span class='ocrx_word' id='word_1_225' title='bbox 1156 1547 1193 1569; x_wconf 81' lang='lat' dir='ltr'><strong>ac</strong></span> <span class='ocrx_word' id='word_1_226' title='bbox 1220 1537 1418 1569; x_wconf 79' lang='lat' dir='ltr'><strong>fluminibus.</strong></span> 
     </span>
     <span class='ocr_line' id='line_1_71' title="bbox 988 1586 1406 1628; baseline -0.005 -10"><span class='ocrx_word' id='word_1_227' title='bbox 988 1587 1038 1618; x_wconf 82' lang='lat' dir='ltr'><strong>Ex</strong></span> <span class='ocrx_word' id='word_1_228' title='bbox 1066 1595 1194 1628; x_wconf 69' lang='lat' dir='ltr'><strong>genere⁷</strong></span> <span class='ocrx_word' id='word_1_229' title='bbox 1224 1586 1406 1618; x_wconf 80' lang='lat' dir='ltr'><strong>latronibus</strong></span> 
     </span>
     <span class='ocr_line' id='line_1_72' title="bbox 1036 1633 1427 1668; baseline -0.005 0"><span class='ocrx_word' id='word_1_230' title='bbox 1036 1636 1079 1668; x_wconf 91' lang='lat' dir='ltr'><strong>Et</strong></span> <span class='ocrx_word' id='word_1_231' title='bbox 1107 1633 1243 1667; x_wconf 80' lang='lat' dir='ltr'><strong>fratrum</strong></span> <span class='ocrx_word' id='word_1_232' title='bbox 1272 1634 1427 1667; x_wconf 79' lang='lat' dir='ltr'><strong>falsitate.</strong></span> 
     </span>
    </p>
   </div>
   <div class='ocr_carea' id='block_1_38' title="bbox 987 1723 1529 1958">
    <p class='ocr_par' dir='ltr' id='par_1_38' title="bbox 987 1723 1529 1958">
     <span class='ocr_line' id='line_1_73' title="bbox 987 1723 1334 1766; baseline -0.006 -11"><span class='ocrx_word' id='word_1_233' title='bbox 987 1724 1094 1766; x_wconf 84' lang='lat' dir='ltr'><strong>Isque,</strong></span> <span class='ocrx_word' id='word_1_234' title='bbox 1124 1727 1174 1754; x_wconf 87' lang='lat' dir='ltr'><strong>ter</strong></span> <span class='ocrx_word' id='word_1_235' title='bbox 1202 1723 1334 1763; x_wconf 75' lang='lat' dir='ltr'><strong>rogasti,</strong></span> 
     </span>
     <span class='ocr_line' id='line_1_74' title="bbox 1036 1771 1355 1810; baseline -0.006 -5"><span class='ocrx_word' id='word_1_236' title='bbox 1036 1772 1081 1805; x_wconf 94' lang='lat' dir='ltr'><strong>Ut</strong></span> <span class='ocrx_word' id='word_1_237' title='bbox 1107 1782 1123 1803; x_wconf 82' lang='lat' dir='ltr'><strong>a</strong></span> <span class='ocrx_word' id='word_1_238' title='bbox 1152 1775 1183 1803; x_wconf 89' lang='lat' dir='ltr'><strong>te</strong></span> <span class='ocrx_word' id='word_1_239' title='bbox 1210 1771 1355 1810; x_wconf 78' lang='lat' dir='ltr'><strong>tollatur,</strong></span> 
     </span>
     <span class='ocr_line' id='line_1_75' title="bbox 987 1820 1361 1861; baseline -0.003 -8"><span class='ocrx_word' id='word_1_240' title='bbox 987 1820 1052 1853; x_wconf 88' lang='lat' dir='ltr'><strong>Sed</strong></span> <span class='ocrx_word' id='word_1_241' title='bbox 1079 1829 1138 1853; x_wconf 87' lang='lat' dir='ltr'><strong>nec</strong></span> <span class='ocrx_word' id='word_1_242' title='bbox 1166 1821 1361 1861; x_wconf 75' lang='lat' dir='ltr'><strong>impetrasti,</strong></span> 
     </span>
     <span class='ocr_line' id='line_1_76' title="bbox 1036 1870 1431 1902; baseline -0.003 0"><span class='ocrx_word' id='word_1_243' title='bbox 1036 1870 1120 1902; x_wconf 88' lang='lat' dir='ltr'><strong>Nam</strong></span> <span class='ocrx_word' id='word_1_244' title='bbox 1150 1879 1220 1901; x_wconf 90' lang='lat' dir='ltr'><strong>cum</strong></span> <span class='ocrx_word' id='word_1_245' title='bbox 1246 1870 1431 1901; x_wconf 74' lang='lat' dir='ltr'><strong>infirmatur</strong></span> 
     </span>
     <span class='ocr_line' id='line_1_77' title="bbox 1087 1918 1529 1958; baseline 0 -7"><span class='ocrx_word' id='word_1_246' title='bbox 1087 1919 1181 1952; x_wconf 75' lang='lat' dir='ltr'><strong>Caro,</strong></span> <span class='ocrx_word' id='word_1_247' title='bbox 1198 1918 1292 1951; x_wconf 84' lang='lat' dir='ltr'><strong>fortis</strong></span> <span class='ocrx_word' id='word_1_248' title='bbox 1304 1928 1348 1958; x_wconf 68' lang='lat' dir='ltr'><strong>es,</strong></span> <span class='ocrx_word' id='word_1_249' title='bbox 1365 1924 1529 1951; x_wconf 79' lang='lat' dir='ltr'><strong>strenuus.</strong></span> 
     </span>
    </p>
   </div>
   <div class='ocr_carea' id='block_1_39' title="bbox 988 2005 1530 2145">
    <p class='ocr_par' dir='ltr' id='par_1_39' title="bbox 988 2005 1530 2145">
     <span class='ocr_line' id='line_1_78' title="bbox 988 2005 1530 2043; baseline -0.004 -4"><span class='ocrx_word' id='word_1_250' title='bbox 988 2007 1057 2039; x_wconf 78' lang='lat' dir='ltr'><strong>Fae</strong></span> <span class='ocrx_word' id='word_1_251' title='bbox 1091 2016 1149 2038; x_wconf 86' lang='lat' dir='ltr'><strong>nos</strong></span> <span class='ocrx_word' id='word_1_252' title='bbox 1172 2006 1237 2038; x_wconf 75' lang='lat' dir='ltr'><strong>frui</strong></span> <span class='ocrx_word' id='word_1_253' title='bbox 1264 2007 1396 2038; x_wconf 82' lang='lat' dir='ltr'><strong>summis</strong></span> <span class='ocrx_word' id='word_1_254' title='bbox 1426 2005 1530 2043; x_wconf 78' lang='lat' dir='ltr'><strong>bonis,</strong></span> 
     </span>
     <span class='ocr_line' id='line_1_79' title="bbox 988 2056 1378 2090; baseline -0.005 -1"><span class='ocrx_word' id='word_1_255' title='bbox 988 2056 1031 2090; x_wconf 89' lang='lat' dir='ltr'><strong>Ut</strong></span> <span class='ocrx_word' id='word_1_256' title='bbox 1060 2056 1169 2089; x_wconf 83' lang='lat' dir='ltr'><strong>curiae</strong></span> <span class='ocrx_word' id='word_1_257' title='bbox 1195 2057 1257 2087; x_wconf 84' lang='lat' dir='ltr'><strong>tuis</strong></span> <span class='ocrx_word' id='word_1_258' title='bbox 1286 2056 1378 2087; x_wconf 87' lang='lat' dir='ltr'><strong>donis</strong></span> 
     </span>
     <span class='ocr_line' id='line_1_80' title="bbox 1035 2105 1415 2145; baseline -0.003 -7"><span class='ocrx_word' id='word_1_259' title='bbox 1035 2107 1211 2145; x_wconf 82' lang='lat' dir='ltr'><strong>Iungamur</strong></span> <span class='ocrx_word' id='word_1_260' title='bbox 1238 2105 1415 2145; x_wconf 81' lang='lat' dir='ltr'><strong>angelicae.</strong></span> 
     </span>
    </p>
   </div>
   <div class='ocr_carea' id='block_1_40' title="bbox 985 2192 1472 2332">
    <p class='ocr_par' dir='ltr' id='par_1_40' title="bbox 985 2192 1472 2332">
     <span class='ocr_line' id='line_1_81' title="bbox 985 2192 1472 2233; baseline -0.008 -6"><span class='ocrx_word' id='word_1_261' title='bbox 985 2193 1052 2227; x_wconf 93' lang='lat' dir='ltr'><strong>Ubi</strong></span> <span class='ocrx_word' id='word_1_262' title='bbox 1079 2193 1174 2232; x_wconf 88' lang='lat' dir='ltr'><strong>hunc,</strong></span> <span class='ocrx_word' id='word_1_263' title='bbox 1204 2200 1298 2233; x_wconf 87' lang='lat' dir='ltr'><strong>quem</strong></span> <span class='ocrx_word' id='word_1_264' title='bbox 1327 2192 1472 2224; x_wconf 82' lang='lat' dir='ltr'><strong>dilexisti</strong></span> 
     </span>
     <span class='ocr_line' id='line_1_82' title="bbox 987 2241 1447 2283; baseline 0 -10"><span class='ocrx_word' id='word_1_265' title='bbox 987 2242 1023 2273; x_wconf 95' lang='lat' dir='ltr'><strong>In</strong></span> <span class='ocrx_word' id='word_1_266' title='bbox 1051 2246 1207 2283; x_wconf 88' lang='lat' dir='ltr'><strong>tempore,</strong></span> <span class='ocrx_word' id='word_1_267' title='bbox 1236 2250 1298 2280; x_wconf 87' lang='lat' dir='ltr'><strong>quo</strong></span> <span class='ocrx_word' id='word_1_268' title='bbox 1325 2241 1447 2273; x_wconf 80' lang='lat' dir='ltr'><strong>vixisti.</strong></span> 
     </span>
     <span class='ocr_line' id='line_1_83' title="bbox 1036 2290 1442 2332; baseline 0 -9"><span class='ocrx_word' id='word_1_269' title='bbox 1036 2290 1149 2323; x_wconf 88' lang='lat' dir='ltr'><strong>Cernis</strong></span> <span class='ocrx_word' id='word_1_270' title='bbox 1176 2291 1209 2322; x_wconf 90' lang='lat' dir='ltr'><strong>in</strong></span> <span class='ocrx_word' id='word_1_271' title='bbox 1236 2290 1317 2322; x_wconf 88' lang='lat' dir='ltr'><strong>aede</strong></span> <span class='ocrx_word' id='word_1_272' title='bbox 1344 2290 1442 2332; x_wconf 82' lang='lat' dir='ltr'><strong>regia.</strong></span> 
     </span>
    </p>
   </div>
   <div class='ocr_carea' id='block_1_41' title="bbox 535 2382 1088 2470">
    <p class='ocr_par' dir='ltr' id='par_1_41' title="bbox 535 2382 1088 2470">
     <span class='ocr_line' id='line_1_84' title="bbox 535 2382 1088 2421; baseline -0.007 -7"><span class='ocrx_word' id='word_1_273' title='bbox 535 2383 590 2414; x_wconf 81' lang='lat'><strong>10.</strong></span> <span class='ocrx_word' id='word_1_274' title='bbox 620 2382 657 2414; x_wconf 89' lang='lat' dir='ltr'><strong>ln</strong></span> <span class='ocrx_word' id='word_1_275' title='bbox 684 2390 748 2421; x_wconf 90' lang='lat' dir='ltr'><strong>qua</strong></span> <span class='ocrx_word' id='word_1_276' title='bbox 774 2389 918 2421; x_wconf 86' lang='lat' dir='ltr'><strong>perenne</strong></span> <span class='ocrx_word' id='word_1_277' title='bbox 944 2382 1088 2411; x_wconf 81' lang='lat' dir='ltr'><strong>tutamen</strong></span> 
     </span>
     <span class='ocr_line' id='line_1_85' title="bbox 622 2430 1028 2470; baseline -0.007 -8"><span class='ocrx_word' id='word_1_278' title='bbox 622 2430 798 2470; x_wconf 86' lang='lat' dir='ltr'><strong>Capiamus</strong></span> <span class='ocrx_word' id='word_1_279' title='bbox 826 2433 858 2461; x_wconf 87' lang='lat' dir='ltr'><strong>et</strong></span> <span class='ocrx_word' id='word_1_280' title='bbox 884 2430 1028 2462; x_wconf 82' lang='lat' dir='ltr'><strong>solamen</strong></span> 
     </span>
    </p>
   </div>
   <div class='ocr_carea' id='block_1_42' title="bbox 617 2477 1010 2519">
    <p class='ocr_par' dir='ltr' id='par_1_42' title="bbox 617 2477 1010 2519">
     <span class='ocr_line' id='line_1_86' title="bbox 617 2477 1010 2519; baseline -0.003 -7"><span class='ocrx_word' id='word_1_281' title='bbox 617 2479 665 2512; x_wconf 84' lang='lat' dir='ltr'><strong>Te</strong></span> <span class='ocrx_word' id='word_1_282' title='bbox 691 2482 881 2519; x_wconf 80' lang='lat' dir='ltr'><strong>praestante</strong></span> <span class='ocrx_word' id='word_1_283' title='bbox 904 2477 1010 2512; x_wconf 89' lang='lat' dir='ltr'><strong>nobis.</strong></span> 
     </span>
    </p>
   </div>
   <div class='ocr_carea' id='block_1_43' title="bbox 1061 2479 1177 2511">
    <p class='ocr_par' dir='ltr' id='par_1_43' title="bbox 1061 2479 1177 2511">
     <span class='ocr_line' id='line_1_87' title="bbox 1061 2479 1177 2511; baseline 0.009 -1"><span class='ocrx_word' id='word_1_284' title='bbox 1061 2479 1177 2511; x_wconf 87' lang='lat' dir='ltr'><strong>Amen.</strong></span> 
     </span>
    </p>
   </div>
  </div>
 </body>
</html>
