1654 2756
731 149 971 184 --45-ρ

183 243 244 277 4a.
271 243 384 278 Trium
409 255 518 287 posse,
886 247 947 284 4b,
974 248 1011 280 In
1037 246 1185 289 personis

322 295 418 338 scire,
445 296 530 329 velle
555 295 668 337 paritr,
1022 296 1127 329 tribus
1153 298 1203 327 est
1229 294 1394 328 distantia.

587 365 619 399 5.
649 363 698 396 Sit
722 373 785 406 par
809 364 994 397 reverentia

647 412 766 445 Tribus
791 417 825 445 et
849 413 906 445 uni
932 412 1048 454 gloria.

253 472 340 501 Miss.
367 482 421 502 ms.
448 474 640 502 Eboraeense
667 483 743 502 saec.
778 472 821 502 15.
865 473 936 502 Cod.
965 473 1039 501 Coll.
1070 476 1100 501 S.
1127 474 1284 502 Trinitatis
1306 473 1467 501 Dublinen.
1490 473 1515 500 B

173 509 201 539 3.
227 510 255 540 4.
283 512 322 540 A.
344 527 382 533 —
403 512 527 541 collect.
556 521 608 540 ms.
635 513 823 541 Victorinum
850 521 925 540 saec.
955 511 998 541 15.
1041 512 1111 541 cod.
1136 514 1263 540 Parisin.
1293 510 1399 540 14872.
1422 512 1454 538 Β.
1476 527 1514 531 -

178 548 204 583 l,
219 548 238 578 3
259 551 391 588 Supplex
412 552 448 584 B,
469 550 602 579 offenbar
621 551 796 579 Korrektur.
814 567 849 571 —
865 549 916 585 2a,
935 551 949 579 1
965 552 1122 579 Trinitatis
1145 553 1311 579 reverentia
1325 552 1358 578 A.
1377 565 1412 570 -—-
1427 548 1480 583 3³,
1497 548 1515 578 3

175 589 366 626 distinguunt
392 590 536 625 mysteria
560 591 592 617 B.
614 605 652 610 ——
672 590 824 618 Nachdem
845 590 970 618 Gautier
997 590 1078 618 diese
1099 590 1192 618 Prosa
1220 594 1320 617 zuei-st
1343 593 1427 618 unter
1449 589 1514 617 dem

174 628 290 657 Namen
311 629 443 657 Adams
470 637 542 656 von
563 629 613 657 St.
635 629 768 656 Victor
789 629 948 665 publiziert
966 628 1001 661 (I,
1024 639 1050 665 p.
1076 627 1128 656 137
1151 629 1212 665 sq.),
1237 628 1409 656 bezeichnet
1430 637 1461 655 er
1482 630 1513 655 in

174 666 232 695 den
253 668 392 704 spfiteren
413 668 564 703 Auflagen
585 668 667 696 diese
688 668 875 696 Attribution
896 670 951 695 mit
971 668 1065 695 Recht
1085 668 1130 694 als
1151 667 1255 696 falsch.

628 752 677 783 33.
710 752 752 784 De
774 752 911 793 Corpore
937 751 1065 784 Christi.

184 815 243 848 la.
273 814 379 856 Salve,
409 823 484 847 caro
512 815 634 847 Christi
660 817 745 854 Iesu,
887 815 945 849 lb.
972 815 1022 848 Tu
1048 815 1173 848 Mariae
1205 823 1301 846 carue
1327 817 1412 851 nata,

271 863 413 897 Pulchra
437 864 520 905 visu,
547 864 650 896 dulcis
677 873 743 907 esu,
974 863 1091 896 Mundi
1116 864 1203 895 salus
1230 867 1433 903 praeoptata,

320 912 576 945 Firmamentum
602 913 687 945 fidei.
1022 912 1100 945 Flos
1127 911 1249 944 ventris
1276 911 1423 952 virginei.

186 982 247 1014 2a.
274 980 342 1013 Lac
368 990 388 1012 a
414 985 517 1013 matre
543 981 726 1022 suscepisti,
884 981 945 1015 2b,
973 980 1074 1012 Nobis
1094 979 1174 1012 facis
1203 980 1296 1011 dulce
1322 978 1427 1011 forum

272 1028 358 1061 Dum
384 1029 417 1060 in
445 1027 540 1061 foeno
565 1029 694 1061 iacuisti
972 1029 1127 1061 Reddens
1154 1037 1270 1068 panem
1296 1028 1483 1068 angelorum

323 1077 440 1109 Coram
467 1078 671 1109 animalibus
1022 1077 1084 1109 Pro
1111 1076 1205 1109 foeno
1233 1076 1450 1109 credentibus

183 1145 243 1179 33.
270 1144 341 1177 Ara
369 1145 473 1176 crucis
499 1145 675 1184 immolata.r
883 1145 942 1178 3b.
967 1144 1090 1178 Manna
1115 1145 1205 1184 pavit
1233 1144 1395 1185 Israelem,

269 1192 392 1225 Nostra
417 1193 520 1225 tulisti
546 1196 681 1233 peccata
971 1192 1035 1225 Sed
1062 1202 1147 1224 nunc
1172 1193 1279 1232 pascis
1306 1196 1340 1224 tu
1365 1192 1494 1224 fidelem

320 1241 471 1274 Pandens
499 1241 584 1274 vitae
610 1242 748 1274 ianuam.
1019 1242 1072 1273 Ad
1099 1241 1197 1273 vitam
1225 1244 1426 1281 perpetuam.

184 1311 246 1344 4³.
273 1309 400 1343 Pascha
424 1319 540 1342 novum
568 1309 762 1348 celebratur,
882 1309 942 1343 4b.
972 1309 1044 1341 Huc
1069 1310 1111 1341 ad
1138 1318 1280 1341 mensam
1308 1309 1487 1347 convenite⁷

269 1360 382 1399 Agnus
409 1358 470 1391 Dei
496 1359 571 1391 dum
597 1363 725 1391 assatur
970 1358 1136 1398 Epulandi
1165 1358 1237 1389 cibo
1265 1359 1360 1399 vitae,

321 1408 385 1440 Pro
411 1408 515 1440 salute
542 1407 673 1440 saeculi.
1019 1407 1044 1440 Ο
1072 1406 1186 1439 fideles
1212 1406 1337 1446 populi,

182 1476 242 1509 5a.
273 1474 355 1508 Caro
382 1475 503 1508 Christi
531 1485 550 1507 o
575 1480 713 1518 sacrata,
882 1475 939 1509 5b.
967 1475 1103 1508 Praesta
1129 1475 1221 1506 nobis
1248 1475 1348 1506 robur
1375 1475 1490 1506 mentis

271 1523 390 1556 Forma
415 1525 509 1564 panis
534 1525 704 1566 occultata,
970 1523 1013 1556 Et
1040 1523 1176 1555 devictis
1205 1524 1444 1563 temptamentis

317 1573 368 1605 Tu
395 1577 540 1605 nostrum
568 1573 729 1615 viaticum,
1020 1572 1091 1604 Duc
1117 1573 1158 1604 ad
1187 1582 1318 1612 regnum
1346 1573 1511 1605 caelieum.

181 1642 243 1676 6a.
271 1641 408 1681 Sanguis
435 1641 570 1680 Christi,
597 1641 651 1682 qui
678 1641 786 1673 lavisti
882 1640 944 1674 6b.
973 1642 1040 1673 Fac
1066 1650 1124 1673 nos
1151 1641 1183 1672 in
1211 1644 1242 1671 te
1271 1641 1428 1673 consolari

270 1689 315 1723 Et
340 1700 359 1722 a
386 1690 491 1730 culpis
518 1690 682 1722 redemisti
970 1690 1013 1724 Et
1039 1694 1166 1722 tuorum
1194 1690 1310 1721 sociari

319 1738 387 1771 Nos
414 1738 454 1770 ab
482 1739 583 1771 hostis
610 1739 769 1781 manibus,
1019 1738 1210 1771 Sanctorum
1239 1738 1430 1779 agminibus

249 1801 408 1838 Appendix
442 1811 496 1829 ms.
535 1811 612 1829 saec.
649 1800 722 1829 ff'suh
777 1802 863 1829 Miss.
897 1803 1045 1830 Aboensis
1080 1804 1150 1838 imp.
1185 1803 1323 1830 Lubecae
1360 1800 1443 1829 1488.
1477 1818 1510 1820 —

170 1841 277 1869 Dieses
307 1849 366 1867 war
395 1841 471 1868 nach
492 1840 663 1877 Klemming
691 1842 737 1874 ΙΙ,
764 1851 791 1877 p.
814 1840 851 1869 70
877 1850 920 1877 sq.
950 1842 997 1869 die
1020 1841 1125 1875 Quelle
1147 1843 1185 1869 im
1208 1841 1370 1877 Exemplar
1391 1841 1442 1868 des
1464 1849 1513 1876 ge-

169 1884 303 1908 nannten
324 1880 448 1908 Missale
470 1881 524 1908 auf
541 1880 593 1908 der
614 1880 682 1917 Kgl.
706 1880 883 1909 Bibliothek
906 1890 941 1908 zu
964 1880 1148 1909 Stockholm.
1183 1882 1264 1909 Jetzt
1286 1883 1323 1908 ist
1345 1880 1396 1907 der
1420 1880 1513 1907 hand-

170 1919 354 1947 schriffliche
368 1917 524 1956 Nachtrag
544 1920 627 1947 nicht
647 1919 730 1947 mehr
752 1919 932 1953 verbanden,
956 1919 1015 1948 und
1034 1921 1065 1947 in
1083 1921 1254 1948 ¹&tockholm
1271 1920 1338 1947 licis
1354 1919 1417 1946 sich
1432 1918 1516 1946 nicht

172 1958 331 1991 ermitteln,
357 1958 454 1986 wohin
476 1968 507 1987 er
527 1959 706 1994 gekommen
727 1961 774 1987 ist.
796 1974 834 1979 —
858 1957 907 1989 lb.
931 1957 949 1986 2
971 1960 1019 1986 bei
1041 1960 1224 1995 Klemming:
1248 1958 1365 1986 Munde.

575 2046 625 2077 34.
656 2045 691 2076 ln
713 2044 917 2077 Dedicatione
938 2044 1111 2076 Ecclesiae.

657 2108 687 2140 1.
718 2108 866 2140 Pretiosa
893 2107 973 2146 dies,

715 2156 901 2189 veneranda

179 2227 241 2260 2a.
269 2225 439 2267 Nimisque
467 2226 694 2269 collaudanda,
881 2225 944 2262 2b.
970 2225 1069 2264 Quem
1097 2228 1250 2257 resonant
1277 2234 1398 2266 organa

266 2275 354 2316 patri
380 2284 568 2317 summoque
971 2274 1129 2314 simulque
1153 2278 1268 2306 cuncta

266 2324 396 2357 excelso
423 2327 623 2368 consecrata,
969 2323 1055 2355 omni
1082 2331 1153 2355 cum
1179 2323 1384 2365 symphonia.

179 2394 239 2427 3a.
266 2392 362 2426 Mens
388 2393 530 2426 humana
882 2391 942 2427 3b.
971 2392 1036 2424 Per
1061 2391 1141 2423 haec
1168 2390 1251 2424 festa

265 2451 443 2484 sensusque
467 2439 543 2475 Deo
568 2445 681 2474 nostro
971 2439 1078 2472 dicata
1105 2449 1144 2472 ex
1172 2440 1330 2483 huiusque

267 2501 406 2533 namque
432 2495 507 2524 sunt
534 2495 680 2532 accepta,
970 2488 1102 2521 saxibus
1129 2493 1304 2525 exstructa.
