1654 2756
707 133 947 169 -32-

172 231 233 264 32.
261 230 388 273 Gaude,
416 231 546 264 Christo
573 230 706 262 sociaris
871 229 931 262 3b.
959 229 1042 267 Ave,
1070 228 1160 270 virgo
1185 228 1369 270 singularis,

257 279 302 311 Et
326 279 359 311 in
388 279 504 312 throno
530 278 704 317 coronaris,
958 277 1046 317 Quae
1071 279 1120 308 tot
1142 276 1270 317 gaudiis
1298 275 1434 315 dotaris‚

258 326 371 368 Terra,
400 328 481 359 mari
510 326 686 359 dominaris
955 324 1005 357 Tu
1033 333 1091 356 nos
1116 333 1180 356 non
1205 324 1410 358 obliviscaris

306 375 350 407 Et
375 375 407 407 in
435 376 516 407 caeli
542 375 656 416 gloria.
1004 373 1048 406 Et
1075 372 1144 405 Deo
1171 373 1318 416 concilia,

652 474 684 504 4.
713 471 738 503 Ο
768 470 862 502 beata
888 470 1005 503 Maria.

238 557 323 584 Miss.
346 557 515 585 Morineuse
537 558 608 593 imp.
631 557 790 592 Rotomagi
814 554 897 583 1516.
921 556 954 583 A.
972 570 1006 574 -—
1022 556 1107 583 Miss.
1128 555 1299 583 Morinense
1321 556 1391 590 imp.
1410 553 1500 580 Roto-

162 596 241 631 magi
264 594 347 623 1523.
369 596 403 622 Β.
425 610 460 614 -
483 596 566 624 Mel.:
591 596 750 623 Verbum
775 595 916 622 bonum.

578 717 623 748 73.
657 717 700 748 ne
724 717 820 756 [xlv]
844 715 972 748 canaiis
992 717 1081 749 ssmv.

175 812 234 842 la.
263 809 389 848 Gaude,
417 810 517 851 virgo,
545 814 649 840 mater
667 809 801 850 Christi,
873 809 932 842 lb.
961 808 1086 850 Gaude,
1113 808 1189 849 quia
1215 807 1397 847 credidisti,

260 858 348 897 Quae
376 867 434 898 per
461 866 571 889 aurem
599 857 778 896 concepisti
960 857 1005 889 Ut
1030 867 1050 888 a
1076 859 1213 896 cognata
1237 855 1359 888 audisti

310 905 464 937 Gabriele
490 905 612 938 nuntio.
1009 905 1095 937 Miro
1122 904 1285 938 vaticinio.

172 1002 234 1034 2a.
262 1001 386 1038 Gaude,
414 1003 488 1041 quia
514 1001 583 1033 Deo
610 1002 706 1043 plena
873 1002 932 1035 2b.
960 1001 1085 1041 Gaude,
1115 1010 1185 1032 cum
1213 1009 1290 1041 gens
1316 1000 1434 1040 aliena,

263 1049 423 1089 Peperisti
449 1050 518 1081 sine
546 1058 649 1090 poena
961 1050 1064 1081 Facta
1090 1049 1228 1089 supplex
1255 1052 1287 1079 et
1311 1057 1456 1088 amoena,

311 1097 389 1129 Cum
416 1099 549 1137 pudoris
577 1098 656 1130 lilio.
1010 1098 1148 1129 Munera
1175 1097 1230 1129 dat
1256 1095 1334 1130 filio.

179 1194 238 1226 32.
266 1192 391 1233 Gaude,
418 1198 628 1233 praesentans
654 1193 756 1225 filium
873 1194 932 1228 3b.
962 1194 1087 1235 Gaude,
1114 1194 1201 1234 quod
1228 1198 1300 1233 post
1327 1193 1477 1225 exsilium

263 1241 317 1273 Ad
344 1246 529 1274 cunctorum
557 1242 735 1273 subsidium
962 1242 1017 1274 Fit
1044 1242 1183 1274 hostium
1210 1242 1371 1274 excidium

313 1289 455 1322 Simeoni
483 1291 590 1322 anxio.
1011 1292 1052 1322 Et
1081 1291 1282 1330 repatriatio.

175 1389 235 1419 4a.
264 1386 389 1425 Gaude,
417 1390 586 1426 postquam
613 1387 749 1418 amisisti
875 1387 936 1422 4b,
964 1386 1203 1427 Gaude‚'quod
1230 1385 1408 1418 interfuisti

266 1435 383 1474 Iesum,
411 1443 502 1474 quem
530 1439 603 1474 post
631 1435 807 1476 repperisti
963 1436 1143 1475 Miraculis,
1171 1444 1253 1476 quae
1277 1435 1390 1467 vidisti

313 1483 351 1514 In
379 1483 493 1523 templi
519 1485 695 1523 gymnasio.
1013 1485 1129 1517 Procul
1156 1484 1242 1516 omni
1270 1484 1379 1517 dubio.

180 1582 238 1612 5a.
267 1578 392 1618 Gaude,
421 1581 496 1620 quia
522 1581 568 1612 tui
594 1581 672 1622 nati,
877 1581 935 1616 5b.
965 1581 1089 1619 Gaude,
1118 1590 1214 1612 causa
1240 1581 1373 1620 spoliati

265 1628 364 1666 Quem
399 1628 531 1660 dolebas
565 1633 699 1660 mortem
727 1628 805 1668 pati,
965 1629 1113 1662 Carceris
1141 1634 1172 1660 et
1198 1629 1300 1660 hostis
1327 1629 1422 1660 strati

314 1675 429 1714 Fulget
458 1678 662 1710 resurrectio.
1012 1677 1103 1709 Forti
1132 1677 1318 1710 hastiludio.

181 1773 242 1805 63.
272 1771 385 1803 Gaude
412 1772 541 1804 Christo
568 1771 773 1812 ascendente,
877 1773 936 1807 6b.
965 1773 1079 1805 Gaude
1105 1773 1234 1805 flamma
1261 1774 1480 1806 descendente

267 1819 326 1859 Qui
353 1819 385 1849 in
413 1820 535 1851 caelum
563 1824 594 1851 te
620 1820 752 1851 vidente
964 1822 1010 1853 Te
1037 1825 1067 1853 et
1095 1826 1166 1854 tuos
1192 1823 1392 1855 accendente

315 1867 408 1899 Motu
436 1867 538 1899 fertur
565 1868 709 1908 proprio.
1012 1871 1143 1902 Amoris
1169 1872 1332 1905 incendio.

181 1964 239 1997 7a.
268 1963 392 2002 Gaude,
403 1964 831 2007 quodpostIesumscandis,
882 1966 939 2000 7b.
969 1967 1034 2001 Ubi
1060 1972 1172 2008 pectus
1199 1974 1275 2001 nato
1303 1969 1420 2009 pandis

265 2012 309 2044 Et
336 2016 385 2043 est
410 2013 512 2045 honor
537 2013 596 2044 tibi
623 2013 756 2053 grandis
966 2016 1029 2048 Pro
1055 2018 1168 2056 gratiis
1195 2018 1410 2058 impetrandis

317 2061 352 2092 In
381 2062 461 2094 caeli
487 2062 626 2101 palatio3
1017 2066 1199 2106 Pauperum
1228 2067 1374 2107 collegio.

180 2160 240 2193 Sa,
269 2157 393 2198 Gaude,
422 2161 526 2190 mater
553 2159 705 2190 constitui
883 2160 942 2193 8b.
970 2161 1037 2194 Ubi
1061 2160 1168 2194 fructu
1194 2164 1318 2195 ventris
1343 2165 1390 2195 tui

269 2206 465 2238 Praesidens
492 2210 583 2240 tanto
609 2207 714 2239 coetui
970 2210 1032 2241 Per
1058 2215 1090 2241 te
1119 2211 1214 2242 detur
1239 2211 1333 2243 nobis
1360 2211 1425 2244 frui

316 2255 515 2295 Angelorum
543 2255 724 2296 consortio;
1018 2258 1053 2289 111
1082 2259 1216 2298 perenni
1243 2260 1372 2300 gaudio.

250 2342 331 2368 Miss.
354 2343 555 2371 Noviomense
582 2345 650 2379 imp.
673 2344 832 2379 Rotomagi
861 2341 942 2371 1506.
966 2360 1000 2363 —
1026 2343 1076 2378 lb,
1098 2343 1116 2372 3
1136 2346 1245 2373 Mirum
1267 2347 1453 2374 vaticinium.
1477 2362 1509 2366 ——

176 2381 235 2407 Die
249 2380 473 2416 Halbstropheu
497 2382 544 2414 la,
567 2381 615 2416 2³,
638 2382 690 2416 5³,
713 2381 763 2415 Ga,
785 2381 828 2409 7a
848 2391 876 2410 u.
898 2380 942 2410 8h
962 2383 1062 2411 bilden
1080 2384 1127 2411 die
1143 2384 1369 2420 urspriingliche
1387 2387 1513 2414 Stamm-

177 2427 304 2454 sequenz
324 2420 489 2451 (vielleicht
509 2425 608 2450 zuerst
630 2420 822 2459 Reimgebet),
844 2421 893 2449 die
913 2421 986 2454 hier,
1008 2424 1064 2450 wie
1085 2432 1118 2450 so
1141 2423 1195 2456 oft,
1218 2425 1284 2451 eine
1305 2423 1516 2462 Erweiterung

177 2457 312 2486 erfahren
333 2459 393 2486 hat.
435 2461 502 2496 Vgl.
523 2461 572 2489 die
593 2461 752 2498 folgenden
773 2460 957 2497 Sequenzen.
