1654 2756
747 127 983 162 —36-

198 227 258 259 8a.
286 225 382 267 Quod
405 226 458 258 die
897 224 957 258 8b.
985 224 1099 256 Gloria

288 274 383 306 tertia
410 281 582 314 resuryens
607 273 680 304 sine
705 272 805 313 cuLpa
986 273 1029 304 sit
1053 271 1191 304 trinitati
1214 272 1341 313 unicae,
1367 272 1466 313 patri,

282 332 346 363 pro
372 324 486 354 nostra
513 321 638 361 offensa
983 319 1063 361 filio,
1088 319 1249 360 paraclito

289 371 327 402 de
351 369 491 411 sepulcri
517 368 674 402 claustra.
985 368 1115 409 spiritui
1140 371 1263 412 sancto,

560 449 592 480 9.
621 446 715 479 Nunc
741 450 773 478 et
797 447 883 479 ultra
907 450 939 478 et
965 446 998 479 in
1022 454 1146 481 aevum.

269 514 385 541 Prosar.
406 522 458 541 ωε.
480 514 694 541 Moissiacense
715 522 791 541 saec.
814 511 885 540 ¹¹l12.
904 511 1132 548 (Privatbesitz).
1154 528 1191 532 —
1213 513 1310 545 Daux.
1332 513 1352 540 l.
1373 521 1398 545 c,
1420 522 1448 549 p.
1472 510 1531 540 128

191 562 234 588 sq.
255 567 294 573 —-
314 551 366 584 41»,
383 550 401 579 3
423 552 577 580 abstruxit.
597 566 630 571 -
650 551 703 584 5a,
717 551 736 579 4
756 552 898 588 perditus.
915 567 950 571 -
967 551 1020 584 6a,
1039 550 1052 578 1
1074 553 1179 579 libens.
1195 566 1233 571 —
1247 550 1301 583 6a,
1317 550 1335 579 2
1356 551 1474 580 iubilat.
1490 566 1526 570 —

188 590 242 624 612,
264 588 282 618 2
304 594 425 626 tropaea
447 600 506 627 per.
522 607 558 611 -—
575 592 634 619 Dei·
654 591 789 627 liegende
805 591 906 618 Druck
922 591 1095 618 bezeichnet
1108 591 1156 618 die
1171 590 1392 623 Einschicffisel,
1413 590 1525 618 welche

189 630 237 657 die
264 630 397 666 Sequenz
428 630 544 663 „Haec
571 630 650 658 dies
670 629 672 664 Ι
691 631 805 665 Quam
832 629 1026 658 excelsus“
1056 629 1154 664 (Anal.
1176 630 1286 665 Hymn·
1308 629 1381 664 V11,
1407 630 1458 657 Nr.
1483 628 1529 663 17)

189 668 281 696 durch
302 668 491 704 vorliegende
509 668 717 705 Erweiterung
736 668 892 696 darselben
913 668 1049 697 erfahren
1069 669 1129 695 hat.
1163 669 1260 697 Dabei
1282 669 1322 696 ist
1343 677 1403 696 von
1423 667 1466 696 5a
1487 677 1526 696 an

190 707 242 735 der
263 708 343 734 alten
364 707 493 735 Melodie
514 707 664 735 natiirlich
686 707 802 736 Gewalt
822 710 965 743 angetan3
992 708 1049 734 wie
1070 707 1128 735 und
1152 708 1311 736 inwieweit
1329 707 1528 744 verschweigt

189 754 242 772 uns
265 745 357 773 ieider
379 747 473 773 Daux.

590 811 637 842 22.
670 811 702 842 In
727 811 970 843 Resurrectione
993 810 1125 842 Domini.

698 884 778 916 Per
803 883 1020 916 Octavam.

200 960 258 993 la.
287 960 312 992 O
339 969 431 999 quam
458 960 554 992 beata
580 961 692 1001 regina
895 959 957 993 1b.
985 960 1073 1000 Quae
1100 960 1170 992 sola
1195 959 1298 991 Deum
1327 958 1416 991 fuisti

287 1011 319 1040 et
343 1009 447 1049 virgo,
475 1008 591 1050 Maria,
983 1016 1138 1049 generare
1165 1008 1282 1048 digna!

198 1087 257 1118 2a.
287 1086 378 1118 Inter
401 1087 567 1118 universas
894 1085 955 1119 2b.
985 1086 1029 1119 Ut
1056 1095 1095 1117 ex
1123 1089 1153 1117 te
1179 1085 1221 1117 sit
1247 1088 1336 1118 ortus

287 1132 424 1165 feminas
451 1139 485 1165 tu
512 1132 599 1166 facta
982 1142 1077 1166 verus
1103 1134 1162 1171 sol,
1190 1143 1250 1173 per
1276 1137 1392 1165 cuncta

289 1190 321 1212 es
347 1181 388 1214 ab
413 1181 484 1221 ipso
508 1182 656 1223 sublima,
982 1190 1110 1222 semper
1135 1181 1262 1222 fulgens
1287 1181 1427 1223 saecula,

200 1260 262 1292 3a.
291 1259 404 1291 Omnia
430 1258 482 1299 qui
511 1257 600 1299 fugat
625 1259 735 1291 nubila
894 1259 954 1292 3b.
982 1259 1181 1291 Daemonum
1209 1259 1338 1301 agmina
1363 1261 1524 1293 mirantur

289 1316 327 1338 ac
353 1306 463 1338 turbat
488 1310 622 1341 tartara.
981 1308 1113 1340 nimium
1140 1308 1265 1350 territa,

199 1386 260 1416 4a.
289 1384 380 1423 Quod
407 1384 510 1416 virtus
538 1385 647 1416 divina
896 1385 957 1419 4b.
984 1386 1101 1418 Patent
1128 1386 1292 1425 ergastula

289 1431 386 1473 fregit
412 1437 577 1472 portarum
605 1432 716 1466 limina
982 1442 1088 1471 saeva,
1117 1437 1310 1474 rumpuntur
1334 1433 1453 1466 iniusta

289 1481 433 1513 barathri
460 1480 576 1513 ferrea.
981 1483 1108 1523 piorum
1135 1483 1273 1515 vincula.

201 1562 260 1592 5a.
289 1558 417 1590 Gaudet
443 1563 553 1591 sancta
895 1560 955 1593 5b.
984 1561 1111 1601 Lugent
1136 1565 1259 1592 maesta

289 1610 476 1647 exspectata
503 1607 542 1639 de
569 1607 671 1647 gloria
982 1609 1022 1640 de
1048 1608 1208 1640 subducta
1233 1608 1295 1640 sibi
1322 1610 1446 1650 praeda

288 1658 420 1687 caterva
430 1666 437 1695 ς
982 1661 1116 1690 tartara.

200 1734 259 1765 6a.
287 1732 395 1764 Turba
422 1733 550 1772 captiva
895 1733 954 1768 6b.
983 1734 1068 1766 Hinc
1092 1734 1165 1774 ipsa
1193 1738 1300 1768 castra

288 1780 350 1812 iau}
379 1780 546 1820 redempta
981 1783 1183 1816 sanctissima

291 1837 360 1860 cum
387 1829 511 1861 laetitia
982 1831 1024 1863 ad
1051 1831 1204 1864 caelestia

288 1881 487 1909 catervarum
515 1877 581 1909 exit
607 1887 740 1918 magna;
982 1884 1058 1912 eunt
1084 1889 1183 1922 regna
1207 1890 1277 1913 cum
1304 1882 1419 1922 gloria.

201 1955 260 1989 7a.
288 1955 488 1994 Redemptor
515 1956 574 1987 hac
598 1956 731 1988 victoria
895 1956 956 1990 7b.
985 1958 1125 1997 Surgens
1151 1958 1218 1991 suis
1245 1959 1403 1994 solamina

287 2004 350 2035 iam
377 2007 509 2044 peracta
983 2006 1074 2039 dedit
1100 2005 1202 2045 firma,

287 2053 326 2083 de
352 2061 435 2084 nova
981 2054 1091 2087 ablata

283 2102 400 2133 iterum
427 2100 593 2140 sepultura
982 2102 1081 2136 dubia
1106 2104 1252 2138 tristitia.

198 2178 261 2213 Sa.
290 2179 412 2212 Christi
438 2183 540 2211 morte
566 2187 669 2221 sacra,
894 2179 954 2214 8b.
981 2181 1050 2212 Iam
1078 2181 1199 2214 dudum
1224 2184 1357 2223 perdita

286 2227 392 2260 fidelis
417 2227 524 2268 turba,
981 2232 1037 2261 tua
1061 2230 1169 2269 patria

287 2277 413 2317 suscipe
437 2277 517 2309 haec
542 2276 672 2318 gaudia,
981 2281 1031 2310 est
1056 2277 1116 2310 tibi
1142 2281 1295 2313 restituta

285 2325 415 2358 reddita
441 2326 503 2358 iam
530 2325 654 2365 libera3
981 2335 1051 2358 cum
1078 2326 1146 2359 vita
1171 2332 1340 2369 perpetua.

197 2404 258 2437 9a.
286 2403 384 2436 Solve
410 2403 479 2436 Deo
505 2407 580 2436 vota
891 2402 952 2438 9b.
978 2404 1038 2444 Qui
1066 2403 1165 2437 donat
1188 2408 1337 2447 praemia

268 2482 272 2491 ,
285 2451 404 2492 debita,
979 2455 1122 2487 aeterna.
