1654 2756
713 123 952 159 -40-

171 219 231 251 62.
258 220 364 251 Annis
392 219 540 262 expletis,
570 219 707 263 Christe,
736 221 800 253 tuis
869 221 928 255 6b.
957 220 1018 261 Qui
1042 221 1196 262 apparuit
1216 223 1250 255 in
1277 222 1387 264 specie

259 268 383 300 caelum
410 269 629 300 conscendens
954 269 1118 302 visitando
1141 273 1174 302 te

257 317 456 355 paracletum
957 317 1139 350 columbina
1151 329 1159 358 ;

259 364 386 407 misisti,
415 373 509 405 quem
532 373 686 403 voveras3
955 365 1010 406 qui
1034 367 1196 408 quondam
1223 377 1322 410 super
1347 377 1446 408 aquas

258 421 438 452 precamur,
464 413 549 445 dona
575 413 679 455 nobis,
954 413 1130 457 ferebatur,
1157 415 1216 449 sed
1240 420 1347 449 tamen

256 464 291 492 ut
315 459 453 502 flagrent
480 461 579 494 corda
952 471 1144 503 permanens
1169 467 1275 497 tecum

259 512 369 542 nostra
394 510 427 541 in
452 509 526 550 igne
552 510 704 551 spiritus3
953 511 985 543 in
1012 512 1125 544 eadem
1151 514 1302 547 essentia.

171 605 231 638 7a.
261 606 366 638 Patris
392 606 516 639 aeterni
866 607 925 641 711.
953 608 1037 640 Vera
1062 608 1122 641 filii

259 655 402 694 potentia
429 655 595 688 illustrare
953 656 1112 696 sapientia
1137 657 1337 697 septiformis

260 702 411 742 dignetur
434 703 538 744 gratia
953 705 1088 745 spiritus
1113 714 1246 738 munera

259 751 394 790 spiritus
953 751 1105 786 infundat

255 799 420 840 sanctique
449 800 638 839 clementia;
955 809 1083 840 semper
1108 801 1142 833 in
1169 802 1270 834 corda
1294 805 1416 836 nostra.

570 898 601 931 8.
629 897 757 928 Almtus
785 895 818 928 bi
847 896 1034 936 spirionitas

627 945 852 985 haermpereat
909 944 1049 979 senobis,

240 1039 376 1067 cantion.
399 1049 452 1067 ms.
475 1039 665 1068 Bohemicum
685 1042 756 1067 anni
780 1037 862 1067 1512.
898 1039 969 1067 Cod.
991 1040 1066 1068 Mus.
1089 1040 1210 1067 Bohem.
1232 1041 1307 1068 XIII
1329 1040 1353 1067 A
1375 1039 1393 1068 2
1408 1041 1443 1068 A.
1458 1055 1497 1059 —

162 1077 324 1105 collectan.
359 1088 410 1106 ms.
441 1078 632 1106 Bobemicum
658 1087 736 1106 saec.
769 1077 804 1106 16
831 1087 874 1106 ex.
924 1078 993 1106 Cod.
1022 1079 1228 1106 vindobonen.
1261 1077 1367 1107 11857.
1394 1080 1429 1107 Β.
1458 1093 1498 1097 -

159 1114 209 1149 2a,
232 1114 250 1144 3
278 1116 411 1144 illustrat
432 1118 466 1144 A.
487 1131 525 1135 -
546 1116 596 1148 5a,
618 1116 636 1144 6
658 1118 798 1152 parvulos
820 1125 871 1144 eos
893 1118 924 1144 B.
946 1131 983 1135 —
1006 1115 1058 1149 512,
1082 1116 1099 1144 5
1121 1126 1164 1152 sq.
1186 1126 1230 1144 ex.
1253 1118 1425 1146 testimonio
1447 1118 1494 1144 Io-

159 1154 235 1182 helis
257 1155 335 1191 quod
357 1158 375 1183 i.
399 1166 422 1183 e.
444 1156 504 1182 AB.
526 1172 561 1176 —-
585 1155 636 1186 5b,
655 1154 670 1182 7
693 1158 724 1183 in
747 1156 807 1183 illis
829 1156 862 1182 B.
884 1170 919 1174 —
940 1154 991 1187 Tb,
1009 1154 1022 1182 1
1045 1157 1123 1183 Vere
1143 1157 1178 1182 A.
1200 1170 1237 1175 ——
1258 1155 1276 1184 8
1297 1157 1355 1184 Mit
1379 1156 1494 1191 „Almi“

159 1193 257 1220 bricht
277 1195 301 1220 A
323 1194 370 1221 ab.
386 1209 422 1213 —
439 1195 473 1221 In
494 1194 518 1220 B
540 1196 579 1222 ist
600 1195 647 1222 die
663 1195 798 1231 Sequenz
819 1195 893 1222 fiber
913 1195 970 1222 den
984 1195 1059 1222 Text
1076 1195 1128 1222 der
1142 1194 1349 1223 Notkerschen
1366 1196 1496 1229 „Festa

160 1231 306 1259 Christi
328 1235 442 1260 omnis
465 1232 753 1261 christianitas“
769 1233 970 1269 geschriebem
993 1233 1132 1260 wodurch
1146 1233 1277 1270 Vorlage
1291 1233 1351 1261 und
1365 1233 1495 1262 Melodie

159 1271 241 1298 mehr
262 1271 307 1297 als
329 1271 483 1307 genfigend
505 1272 675 1299 bezeichnet
696 1272 777 1299 wird.

647 1425 693 1455 27.
731 1424 765 1455 In
788 1424 1005 1456 Pentecosten.

175 1524 235 1557 la.
263 1523 391 1556 Summe
417 1524 546 1568 bonum,
867 1526 926 1558 lb.
954 1527 1001 1560 Ut
1027 1535 1077 1557 me
1103 1526 1243 1565 vincam,

258 1573 350 1612 Auge
377 1573 495 1604 donum
954 1575 996 1606 Et
1026 1579 1058 1606 te
1084 1574 1211 1606 vincam

306 1621 342 1651 In
369 1630 419 1652 me
446 1621 491 1652 tui
518 1622 661 1662 spiritus.
1002 1623 1038 1655 In
1063 1623 1094 1654 vi
1121 1622 1167 1653 tui
1194 1622 1340 1662 spiritus,

170 1719 231 1751 22.
258 1717 451 1750 Meditando
868 1719 927 1752 2b.
953 1719 1021 1750 Tuo
1048 1727 1121 1750 rore

257 1766 301 1798 Et
324 1766 466 1798 dotando
954 1767 996 1799 Et
1023 1775 1132 1799 amore

307 1815 399 1856 Veni,
428 1818 538 1846 sancte
564 1815 716 1854 spiritus3
1007 1815 1095 1853 veni,
1123 1820 1234 1848 sancte
1260 1815 1405 1856 spiritus.

174 1914 233 1946 3a.
261 1912 315 1945 Me
341 1913 475 1953 dignare
868 1912 927 1946 3b.
955 1914 1022 1946 Ure
1049 1922 1136 1945 meos

259 1959 463 2000 confortare,
954 1961 1060 1993 Renes
1087 1971 1170 2002 reos,

308 2010 402 2050 Veni,
429 2012 540 2041 sancte
566 2009 718 2049 spiritu83
1006 2010 1096 2054 Veni,
1123 2015 1234 2043 sancte
1260 2011 1406 2052 spiritus.

546 2108 578 2140 4.
607 2105 670 2138 Cor
695 2106 833 2144 illustra,

607 2154 652 2187 Ut
677 2163 742 2186 non
770 2153 893 2186 frustra

656 2202 797 2235 Laboret
823 2202 876 2234 hic
902 2203 1048 2243 spiritus,

240 2301 324 2328 Miss.
351 2310 404 2328 ms.
431 2298 681 2328 Lambrechtense
708 2299 779 2326 anni
810 2295 891 2326 1336.
933 2298 1004 2326 Cod.
1032 2300 1174 2328 Graecen.
1202 2299 1270 2329 395.
1295 2301 1330 2327 A.
1357 2316 1392 2321 -
1414 2304 1498 2331 Miss-

163 2348 217 2368 ms.
238 2339 488 2368 Lambrechtense
512 2348 588 2367 saec.
612 2336 656 2366 15.
691 2337 763 2366 Cod.
785 2337 927 2365 Graeoen.
951 2336 1015 2364 115.
1035 2340 1070 2366 B.
1085 2353 1123 2358 —-
1137 2339 1221 2367 Miss.
1242 2349 1296 2367 ms.
1317 2341 1498 2370 Lambrech·

163 2382 247 2407 tense
274 2387 351 2406 saec.
385 2378 429 2406 15.
470 2378 543 2406 Cod.
569 2379 710 2406 Graeceu.
741 2374 805 2404 123.
830 2376 862 2404 C.
884 2392 920 2396 —
944 2375 995 2409 la,
1016 2374 1034 2404 3
1059 2379 1155 2405 sancti
1181 2380 1305 2416 spiritus
1331 2380 1370 2411 B.
1396 2386 1499 2410 sancte

167 2419 290 2455 spiritus
311 2418 343 2446 C.
364 2432 401 2437 -
425 2416 475 2450 lb,
497 2415 514 2444 3
535 2419 571 2445 In
597 2426 643 2444 me
663 2415 707 2445 tuj
728 2416 823 2451 ABC3
849 2416 915 2453 gibt
934 2424 988 2452 gar
1010 2415 1121 2445 keinen
1141 2417 1231 2452 sinn,
1257 2418 1395 2455 obgleieh
1415 2425 1499 2449 sonst

162 2458 236 2486 alles
263 2457 311 2483 ffir
341 2457 423 2485 diese
445 2456 551 2484 Lesart
570 2455 692 2493 spricht.
711 2470 748 2475 ——
769 2453 821 2489 3³,
845 2453 858 2482 l
883 2455 925 2483 ΤΕ
948 2455 981 2482 C.
1003 2469 1041 2476 —
1061 2454 1104 2484 3a
1124 2455 1186 2483 und
1209 2455 1252 2486 3b
1272 2459 1445 2494 umgestellt
1466 2460 1498 2488 C.
