<?xml version="1.0" encoding="UTF-8"?>
<!DOCTYPE html PUBLIC "-//W3C//DTD XHTML 1.0 Transitional//EN"
    "http://www.w3.org/TR/xhtml1/DTD/xhtml1-transitional.dtd">
<html xmlns="http://www.w3.org/1999/xhtml" xml:lang="en" lang="en">
 <head>
  <title>
</title>
<meta http-equiv="Content-Type" content="text/html;charset=utf-8" />
  <meta name='ocr-system' content='tesseract 3.04.00' />
  <meta name='ocr-capabilities' content='ocr_page ocr_carea ocr_par ocr_line ocrx_word'/>
</head>
<body>
  <div class='ocr_page' id='page_1' title='image "./analectahymnica42drevuoft_0051.png"; bbox 0 0 1654 2756; ppageno 0'>
   <div class='ocr_carea' id='block_1_1' title="bbox 189 228 717 318">
    <p class='ocr_par' dir='ltr' id='par_1_1' title="bbox 189 228 717 318">
     <span class='ocr_line' id='line_1_1' title="bbox 189 228 662 268; baseline -0.008 -5"><span class='ocrx_word' id='word_1_1' title='bbox 189 230 252 263; x_wconf 64' lang='lat'><strong>22.</strong></span> <span class='ocrx_word' id='word_1_2' title='bbox 277 229 371 262; x_wconf 87' lang='lat' dir='ltr'>Tolle</span> <span class='ocrx_word' id='word_1_3' title='bbox 396 237 491 261; x_wconf 83' lang='lat' dir='ltr'><strong>sonos</strong></span> <span class='ocrx_word' id='word_1_4' title='bbox 517 228 549 260; x_wconf 88' lang='lat' dir='ltr'><strong>in</strong></span> <span class='ocrx_word' id='word_1_5' title='bbox 575 236 662 268; x_wconf 84' lang='lat' dir='ltr'><strong>aera,</strong></span> 
     </span>
     <span class='ocr_line' id='line_1_2' title="bbox 279 276 717 318; baseline 0.002 -9"><span class='ocrx_word' id='word_1_6' title='bbox 279 277 379 318; x_wconf 82' lang='lat' dir='ltr'><strong>imple</strong></span> <span class='ocrx_word' id='word_1_7' title='bbox 404 276 493 308; x_wconf 86' lang='lat' dir='ltr'><strong>sinus</strong></span> <span class='ocrx_word' id='word_1_8' title='bbox 518 286 538 308; x_wconf 85' lang='lat' dir='ltr'><strong>a</strong></span> <span class='ocrx_word' id='word_1_9' title='bbox 564 276 717 310; x_wconf 81' lang='lat' dir='ltr'><strong>lacrimis,</strong></span> 
     </span>
    </p>
   </div>
   <div class='ocr_carea' id='block_1_2' title="bbox 887 228 1439 316">
    <p class='ocr_par' dir='ltr' id='par_1_2' title="bbox 887 228 1439 316">
     <span class='ocr_line' id='line_1_3' title="bbox 887 228 1439 270; baseline -0.002 -8"><span class='ocrx_word' id='word_1_10' title='bbox 887 228 949 262; x_wconf 92' lang='lat' dir='ltr'><strong>2b.</strong></span> <span class='ocrx_word' id='word_1_11' title='bbox 977 228 1095 260; x_wconf 84' lang='lat' dir='ltr'><strong>Sancta</strong></span> <span class='ocrx_word' id='word_1_12' title='bbox 1119 237 1233 260; x_wconf 80' lang='lat' dir='ltr'><strong>manus</strong></span> <span class='ocrx_word' id='word_1_13' title='bbox 1258 228 1357 270; x_wconf 84' lang='lat' dir='ltr'><strong>igitur</strong></span> <span class='ocrx_word' id='word_1_14' title='bbox 1381 237 1439 261; x_wconf 87' lang='lat' dir='ltr'><strong>nos</strong></span> 
     </span>
     <span class='ocr_line' id='line_1_4' title="bbox 975 274 1298 316; baseline 0.003 -8"><span class='ocrx_word' id='word_1_15' title='bbox 975 276 1132 308; x_wconf 76' lang='lat' dir='ltr'><strong>meditata</strong></span> <span class='ocrx_word' id='word_1_16' title='bbox 1157 274 1298 316; x_wconf 81' lang='lat' dir='ltr'><strong>effigiem</strong></span> 
     </span>
    </p>
   </div>
   <div class='ocr_carea' id='block_1_3' title="bbox 192 382 1340 426">
    <p class='ocr_par' dir='ltr' id='par_1_3' title="bbox 192 382 1340 426">
     <span class='ocr_line' id='line_1_5' title="bbox 192 382 1340 426; baseline -0.003 -9"><span class='ocrx_word' id='word_1_17' title='bbox 192 386 252 417; x_wconf 86' lang='lat' dir='ltr'><strong>3a.</strong></span> <span class='ocrx_word' id='word_1_18' title='bbox 279 384 404 416; x_wconf 83' lang='lat' dir='ltr'>Pressit</span> <span class='ocrx_word' id='word_1_19' title='bbox 429 382 522 414; x_wconf 89' lang='lat' dir='ltr'><strong>nobis</strong></span> <span class='ocrx_word' id='word_1_20' title='bbox 548 393 657 423; x_wconf 74' lang='lat' dir='ltr'><strong>suam,</strong></span> <span class='ocrx_word' id='word_1_21' title='bbox 887 382 947 416; x_wconf 90' lang='lat' dir='ltr'><strong>3b.</strong></span> <span class='ocrx_word' id='word_1_22' title='bbox 975 383 1108 416; x_wconf 84' lang='lat' dir='ltr'>Sursum</span> <span class='ocrx_word' id='word_1_23' title='bbox 1133 386 1231 422; x_wconf 89' lang='lat' dir='ltr'><strong>caput</strong></span> <span class='ocrx_word' id='word_1_24' title='bbox 1256 383 1340 426; x_wconf 86' lang='lat' dir='ltr'><strong>tulit,</strong></span> 
     </span>
    </p>
   </div>
   <div class='ocr_carea' id='block_1_4' title="bbox 191 589 249 619">
    <p class='ocr_par' dir='ltr' id='par_1_4' title="bbox 191 589 249 619">
     <span class='ocr_line' id='line_1_6' title="bbox 191 589 249 619; baseline -0.034 0"><span class='ocrx_word' id='word_1_25' title='bbox 191 589 249 619; x_wconf 87' lang='lat' dir='ltr'><strong>4a.</strong></span> 
     </span>
    </p>
   </div>
   <div class='ocr_carea' id='block_1_5' title="bbox 278 430 572 519">
    <p class='ocr_par' dir='ltr' id='par_1_5' title="bbox 278 430 572 519">
     <span class='ocr_line' id='line_1_7' title="bbox 278 430 572 464; baseline -0.007 0"><span class='ocrx_word' id='word_1_26' title='bbox 278 430 369 464; x_wconf 82' lang='lat' dir='ltr'><strong>flavit</strong></span> <span class='ocrx_word' id='word_1_27' title='bbox 397 434 429 463; x_wconf 89' lang='lat' dir='ltr'><strong>et</strong></span> <span class='ocrx_word' id='word_1_28' title='bbox 454 431 572 463; x_wconf 83' lang='lat' dir='ltr'>indidit</span> 
     </span>
     <span class='ocr_line' id='line_1_8' title="bbox 279 488 530 519; baseline -0.004 -8"><span class='ocrx_word' id='word_1_29' title='bbox 279 489 347 511; x_wconf 92' lang='lat' dir='ltr'><strong>ruri</strong></span> <span class='ocrx_word' id='word_1_30' title='bbox 372 488 530 519; x_wconf 76' lang='lat' dir='ltr'><strong>ammam3</strong></span> 
     </span>
    </p>
   </div>
   <div class='ocr_carea' id='block_1_6' title="bbox 276 586 662 723">
    <p class='ocr_par' dir='ltr' id='par_1_6' title="bbox 276 586 662 723">
     <span class='ocr_line' id='line_1_9' title="bbox 279 586 662 620; baseline 0.003 -2"><span class='ocrx_word' id='word_1_31' title='bbox 279 586 395 618; x_wconf 85' lang='lat' dir='ltr'>Tradit</span> <span class='ocrx_word' id='word_1_32' title='bbox 422 595 555 618; x_wconf 89' lang='lat' dir='ltr'><strong>amoena</strong></span> <span class='ocrx_word' id='word_1_33' title='bbox 582 587 662 620; x_wconf 84' lang='lat' dir='ltr'><strong>loca.</strong></span> 
     </span>
     <span class='ocr_line' id='line_1_10' title="bbox 278 635 407 668; baseline -0.016 0"><span class='ocrx_word' id='word_1_34' title='bbox 278 635 407 668; x_wconf 86' lang='lat' dir='ltr'>Corruit</span> 
     </span>
     <span class='ocr_line' id='line_1_11' title="bbox 276 683 573 723; baseline -0.003 -8"><span class='ocrx_word' id='word_1_35' title='bbox 276 684 400 723; x_wconf 81' lang='lat' dir='ltr'>aspidis</span> <span class='ocrx_word' id='word_1_36' title='bbox 427 683 573 723; x_wconf 70' lang='lat' dir='ltr'><strong>ingenio,</strong></span> 
     </span>
    </p>
   </div>
   <div class='ocr_carea' id='block_1_7' title="bbox 885 586 946 620">
    <p class='ocr_par' dir='ltr' id='par_1_7' title="bbox 885 586 946 620">
     <span class='ocr_line' id='line_1_12' title="bbox 885 586 946 620; baseline 0 -1"><span class='ocrx_word' id='word_1_37' title='bbox 885 586 946 620; x_wconf 89' lang='lat' dir='ltr'><strong>4b.</strong></span> 
     </span>
    </p>
   </div>
   <div class='ocr_carea' id='block_1_8' title="bbox 974 431 1302 522">
    <p class='ocr_par' dir='ltr' id='par_1_8' title="bbox 974 431 1302 522">
     <span class='ocr_line' id='line_1_13' title="bbox 974 431 1302 472; baseline -0.003 -9"><span class='ocrx_word' id='word_1_38' title='bbox 974 432 1096 463; x_wconf 89' lang='lat' dir='ltr'><strong>vultum</strong></span> <span class='ocrx_word' id='word_1_39' title='bbox 1122 435 1157 462; x_wconf 91' lang='lat' dir='ltr'><strong>ut</strong></span> <span class='ocrx_word' id='word_1_40' title='bbox 1184 431 1302 472; x_wconf 84' lang='lat' dir='ltr'><strong>cogitet</strong></span> 
     </span>
     <span class='ocr_line' id='line_1_14' title="bbox 974 479 1274 522; baseline 0 -11"><span class='ocrx_word' id='word_1_41' title='bbox 974 489 1102 522; x_wconf 85' lang='lat' dir='ltr'><strong>semper</strong></span> <span class='ocrx_word' id='word_1_42' title='bbox 1125 479 1274 520; x_wconf 90' lang='lat' dir='ltr'><strong>Domiui;</strong></span> 
     </span>
    </p>
   </div>
   <div class='ocr_carea' id='block_1_9' title="bbox 973 585 1379 724">
    <p class='ocr_par' dir='ltr' id='par_1_9' title="bbox 973 585 1379 724">
     <span class='ocr_line' id='line_1_15' title="bbox 974 585 1379 619; baseline -0.002 0"><span class='ocrx_word' id='word_1_43' title='bbox 974 587 1051 619; x_wconf 86' lang='lat' dir='ltr'><strong>Mox</strong></span> <span class='ocrx_word' id='word_1_44' title='bbox 1077 590 1168 619; x_wconf 86' lang='lat' dir='ltr'><strong>actus</strong></span> <span class='ocrx_word' id='word_1_45' title='bbox 1194 587 1227 618; x_wconf 90' lang='lat' dir='ltr'><strong>in</strong></span> <span class='ocrx_word' id='word_1_46' title='bbox 1253 585 1379 618; x_wconf 87' lang='lat' dir='ltr'><strong>foveam</strong></span> 
     </span>
     <span class='ocr_line' id='line_1_16' title="bbox 973 636 1109 678; baseline 0 -11"><span class='ocrx_word' id='word_1_47' title='bbox 973 636 1109 678; x_wconf 87' lang='lat' dir='ltr'><strong>asperis,</strong></span> 
     </span>
     <span class='ocr_line' id='line_1_17' title="bbox 974 682 1345 724; baseline -0.005 -8"><span class='ocrx_word' id='word_1_48' title='bbox 974 684 1045 724; x_wconf 91' lang='lat' dir='ltr'><strong>heu,</strong></span> <span class='ocrx_word' id='word_1_49' title='bbox 1071 683 1170 715; x_wconf 90' lang='lat' dir='ltr'><strong>miser</strong></span> <span class='ocrx_word' id='word_1_50' title='bbox 1194 682 1345 715; x_wconf 84' lang='lat' dir='ltr'>illiditur.</span> 
     </span>
    </p>
   </div>
   <div class='ocr_carea' id='block_1_10' title="bbox 190 789 1268 925">
    <p class='ocr_par' dir='ltr' id='par_1_10' title="bbox 190 789 1268 925">
     <span class='ocr_line' id='line_1_18' title="bbox 190 789 1192 830; baseline -0.001 -8"><span class='ocrx_word' id='word_1_51' title='bbox 190 792 248 824; x_wconf 91' lang='lat' dir='ltr'><strong>5a.</strong></span> <span class='ocrx_word' id='word_1_52' title='bbox 275 790 300 822; x_wconf 96' lang='lat' dir='ltr'>O</span> <span class='ocrx_word' id='word_1_53' title='bbox 329 789 465 828; x_wconf 84' lang='lat' dir='ltr'><strong>facinus,</strong></span> <span class='ocrx_word' id='word_1_54' title='bbox 885 791 945 823; x_wconf 88' lang='lat' dir='ltr'><strong>5b.</strong></span> <span class='ocrx_word' id='word_1_55' title='bbox 974 792 1066 823; x_wconf 80' lang='lat' dir='ltr'><strong>Artis</strong></span> <span class='ocrx_word' id='word_1_56' title='bbox 1092 790 1192 830; x_wconf 81' lang='lat' dir='ltr'><strong>ligata</strong></span> 
     </span>
     <span class='ocr_line' id='line_1_19' title="bbox 278 837 1268 880; baseline 0 -11"><span class='ocrx_word' id='word_1_57' title='bbox 278 838 373 877; x_wconf 84' lang='lat' dir='ltr'><strong>vitae,</strong></span> <span class='ocrx_word' id='word_1_58' title='bbox 401 838 481 878; x_wconf 84' lang='lat' dir='ltr'><strong>proh</strong></span> <span class='ocrx_word' id='word_1_59' title='bbox 510 837 611 874; x_wconf 90' lang='lat' dir='ltr'><strong>dolor,</strong></span> <span class='ocrx_word' id='word_1_60' title='bbox 972 838 1132 879; x_wconf 86' lang='lat' dir='ltr'><strong>serpentis</strong></span> <span class='ocrx_word' id='word_1_61' title='bbox 1159 838 1268 880; x_wconf 85' lang='lat' dir='ltr'><strong>spiris,</strong></span> 
     </span>
     <span class='ocr_line' id='line_1_20' title="bbox 276 895 1218 925; baseline 0 -8"><span class='ocrx_word' id='word_1_62' title='bbox 276 895 461 918; x_wconf 81' lang='lat' dir='ltr'><strong>memoriam</strong></span> <span class='ocrx_word' id='word_1_63' title='bbox 973 896 1063 918; x_wconf 91' lang='lat' dir='ltr'><strong>mens</strong></span> <span class='ocrx_word' id='word_1_64' title='bbox 1089 895 1218 925; x_wconf 86' lang='lat' dir='ltr'><strong>misera,</strong></span> 
     </span>
    </p>
   </div>
   <div class='ocr_carea' id='block_1_11' title="bbox 194 1188 253 1220">
    <p class='ocr_par' dir='ltr' id='par_1_11' title="bbox 194 1188 253 1220">
     <span class='ocr_line' id='line_1_21' title="bbox 194 1188 253 1220; baseline 0 -1"><span class='ocrx_word' id='word_1_65' title='bbox 194 1188 253 1220; x_wconf 75' lang='lat'><strong>62.</strong></span> 
     </span>
    </p>
   </div>
   <div class='ocr_carea' id='block_1_12' title="bbox 193 1438 254 1470">
    <p class='ocr_par' dir='ltr' id='par_1_12' title="bbox 193 1438 254 1470">
     <span class='ocr_line' id='line_1_22' title="bbox 193 1438 254 1470; baseline 0 0"><span class='ocrx_word' id='word_1_66' title='bbox 193 1438 254 1470; x_wconf 87' lang='lat' dir='ltr'><strong>7a.</strong></span> 
     </span>
    </p>
   </div>
   <div class='ocr_carea' id='block_1_13' title="bbox 275 934 677 1121">
    <p class='ocr_par' dir='ltr' id='par_1_13' title="bbox 275 934 539 975">
     <span class='ocr_line' id='line_1_23' title="bbox 275 934 539 975; baseline -0.004 -9"><span class='ocrx_word' id='word_1_67' title='bbox 275 935 367 975; x_wconf 86' lang='lat' dir='ltr'><strong>Quod</strong></span> <span class='ocrx_word' id='word_1_68' title='bbox 393 934 539 974; x_wconf 85' lang='lat' dir='ltr'><strong>aspirare</strong></span> 
     </span>
    </p>

    <p class='ocr_par' dir='ltr' id='par_1_14' title="bbox 277 982 677 1121">
     <span class='ocr_line' id='line_1_24' title="bbox 277 982 575 1022; baseline -0.003 -8"><span class='ocrx_word' id='word_1_69' title='bbox 277 992 341 1014; x_wconf 86' lang='lat' dir='ltr'><strong>nou</strong></span> <span class='ocrx_word' id='word_1_70' title='bbox 367 982 446 1014; x_wconf 88' lang='lat' dir='ltr'><strong>sinis</strong></span> <span class='ocrx_word' id='word_1_71' title='bbox 471 991 575 1022; x_wconf 84' lang='lat' dir='ltr'><strong>neque</strong></span> 
     </span>
     <span class='ocr_line' id='line_1_25' title="bbox 278 1030 566 1070; baseline -0.003 -8"><span class='ocrx_word' id='word_1_72' title='bbox 278 1030 406 1062; x_wconf 85' lang='lat' dir='ltr'><strong>fletibus</strong></span> <span class='ocrx_word' id='word_1_73' title='bbox 433 1031 566 1070; x_wconf 82' lang='lat' dir='ltr'><strong>expiare</strong></span> 
     </span>
     <span class='ocr_line' id='line_1_26' title="bbox 277 1079 677 1121; baseline 0 -11"><span class='ocrx_word' id='word_1_74' title='bbox 277 1079 380 1121; x_wconf 87' lang='lat' dir='ltr'><strong>nefas,</strong></span> <span class='ocrx_word' id='word_1_75' title='bbox 409 1079 480 1117; x_wconf 86' lang='lat' dir='ltr'><strong>heu,</strong></span> <span class='ocrx_word' id='word_1_76' title='bbox 507 1079 677 1110; x_wconf 83' lang='lat' dir='ltr'><strong>miserum!</strong></span> 
     </span>
    </p>
   </div>
   <div class='ocr_carea' id='block_1_14' title="bbox 279 1185 659 1371">
    <p class='ocr_par' dir='ltr' id='par_1_15' title="bbox 279 1185 659 1275">
     <span class='ocr_line' id='line_1_27' title="bbox 282 1185 659 1229; baseline 0 -11"><span class='ocrx_word' id='word_1_77' title='bbox 282 1186 363 1218; x_wconf 85' lang='lat' dir='ltr'>Dira</span> <span class='ocrx_word' id='word_1_78' title='bbox 389 1185 500 1217; x_wconf 83' lang='lat' dir='ltr'><strong>sorbes</strong></span> <span class='ocrx_word' id='word_1_79' title='bbox 527 1194 659 1229; x_wconf 84' lang='lat' dir='ltr'><strong>venena,</strong></span> 
     </span>
     <span class='ocr_line' id='line_1_28' title="bbox 279 1233 548 1275; baseline -0.004 -10"><span class='ocrx_word' id='word_1_80' title='bbox 279 1235 379 1266; x_wconf 90' lang='lat' dir='ltr'><strong>sentis</strong></span> <span class='ocrx_word' id='word_1_81' title='bbox 406 1233 548 1275; x_wconf 82' lang='lat' dir='ltr'><strong>vulnera,</strong></span> 
     </span>
    </p>

    <p class='ocr_par' dir='ltr' id='par_1_16' title="bbox 279 1282 646 1371">
     <span class='ocr_line' id='line_1_29' title="bbox 279 1282 646 1324; baseline -0.003 -10"><span class='ocrx_word' id='word_1_82' title='bbox 279 1292 360 1322; x_wconf 90' lang='lat' dir='ltr'><strong>quae</strong></span> <span class='ocrx_word' id='word_1_83' title='bbox 385 1282 468 1313; x_wconf 82' lang='lat' dir='ltr'><strong>male</strong></span> <span class='ocrx_word' id='word_1_84' title='bbox 494 1282 646 1324; x_wconf 87' lang='lat' dir='ltr'><strong>nutricas‚</strong></span> 
     </span>
     <span class='ocr_line' id='line_1_30' title="bbox 279 1331 408 1371; baseline 0 -9"><span class='ocrx_word' id='word_1_85' title='bbox 279 1331 408 1371; x_wconf 78' lang='lat' dir='ltr'><strong>misera,</strong></span> 
     </span>
    </p>
   </div>
   <div class='ocr_carea' id='block_1_15' title="bbox 279 1437 705 1663">
    <p class='ocr_par' dir='ltr' id='par_1_17' title="bbox 279 1437 705 1622">
     <span class='ocr_line' id='line_1_31' title="bbox 281 1437 663 1477; baseline -0.005 -7"><span class='ocrx_word' id='word_1_86' title='bbox 281 1437 378 1477; x_wconf 85' lang='lat' dir='ltr'><strong>Repit</strong></span> <span class='ocrx_word' id='word_1_87' title='bbox 405 1437 492 1468; x_wconf 88' lang='lat' dir='ltr'><strong>virus</strong></span> <span class='ocrx_word' id='word_1_88' title='bbox 520 1442 663 1476; x_wconf 83' lang='lat' dir='ltr'><strong>pectore,</strong></span> 
     </span>
     <span class='ocr_line' id='line_1_32' title="bbox 279 1486 705 1525; baseline 0.002 -9"><span class='ocrx_word' id='word_1_89' title='bbox 279 1495 375 1517; x_wconf 89' lang='lat' dir='ltr'><strong>sensu</strong></span> <span class='ocrx_word' id='word_1_90' title='bbox 401 1490 514 1524; x_wconf 85' lang='lat' dir='ltr'><strong>captus</strong></span> <span class='ocrx_word' id='word_1_91' title='bbox 541 1486 705 1525; x_wconf 80' lang='lat' dir='ltr'><strong>emoreris,</strong></span> 
     </span>
     <span class='ocr_line' id='line_1_33' title="bbox 281 1533 696 1573; baseline 0.005 -9"><span class='ocrx_word' id='word_1_92' title='bbox 281 1535 360 1565; x_wconf 88' lang='lat' dir='ltr'><strong>cinis</strong></span> <span class='ocrx_word' id='word_1_93' title='bbox 386 1534 473 1565; x_wconf 85' lang='lat' dir='ltr'><strong>redis</strong></span> <span class='ocrx_word' id='word_1_94' title='bbox 500 1535 542 1565; x_wconf 90' lang='lat' dir='ltr'><strong>ad</strong></span> <span class='ocrx_word' id='word_1_95' title='bbox 569 1533 696 1573; x_wconf 86' lang='lat' dir='ltr'><strong>funera,</strong></span> 
     </span>
     <span class='ocr_line' id='line_1_34' title="bbox 280 1582 609 1622; baseline 0 -9"><span class='ocrx_word' id='word_1_96' title='bbox 280 1582 352 1620; x_wconf 82' lang='lat' dir='ltr'><strong>heu,</strong></span> <span class='ocrx_word' id='word_1_97' title='bbox 381 1582 609 1622; x_wconf 82' lang='lat' dir='ltr'><strong>perstringeris</strong></span> 
     </span>
    </p>

    <p class='ocr_par' dir='ltr' id='par_1_18' title="bbox 280 1631 468 1663">
     <span class='ocr_line' id='line_1_35' title="bbox 280 1631 468 1663; baseline 0.011 -2"><span class='ocrx_word' id='word_1_98' title='bbox 280 1631 312 1662; x_wconf 91' lang='lat' dir='ltr'><strong>in</strong></span> <span class='ocrx_word' id='word_1_99' title='bbox 337 1636 468 1663; x_wconf 88' lang='lat' dir='ltr'><strong>tartara.</strong></span> 
     </span>
    </p>
   </div>
   <div class='ocr_carea' id='block_1_16' title="bbox 246 1736 750 1827">
    <p class='ocr_par' dir='ltr' id='par_1_19' title="bbox 246 1736 750 1827">
     <span class='ocr_line' id='line_1_36' title="bbox 246 1736 632 1777; baseline 0.003 -9"><span class='ocrx_word' id='word_1_100' title='bbox 246 1762 252 1768; x_wconf 85' lang='lat'><strong>.</strong></span> <span class='ocrx_word' id='word_1_101' title='bbox 281 1737 387 1769; x_wconf 86' lang='lat' dir='ltr'><strong>Siccat</strong></span> <span class='ocrx_word' id='word_1_102' title='bbox 413 1736 476 1767; x_wconf 88' lang='lat' dir='ltr'><strong>iam</strong></span> <span class='ocrx_word' id='word_1_103' title='bbox 503 1737 632 1777; x_wconf 74' lang='lat' dir='ltr'><strong>oculos,</strong></span> 
     </span>
     <span class='ocr_line' id='line_1_37' title="bbox 282 1784 750 1827; baseline 0.004 -11"><span class='ocrx_word' id='word_1_104' title='bbox 282 1784 425 1817; x_wconf 84' lang='lat' dir='ltr'><strong>facescat</strong></span> <span class='ocrx_word' id='word_1_105' title='bbox 450 1789 479 1815; x_wconf 86' lang='lat' dir='ltr'><strong>et</strong></span> <span class='ocrx_word' id='word_1_106' title='bbox 505 1785 611 1824; x_wconf 90' lang='lat' dir='ltr'><strong>pudor</strong></span> <span class='ocrx_word' id='word_1_107' title='bbox 637 1790 750 1827; x_wconf 87' lang='lat' dir='ltr'><strong>taeter,</strong></span> 
     </span>
    </p>
   </div>
   <div class='ocr_carea' id='block_1_17' title="bbox 281 1833 542 1865">
    <p class='ocr_par' dir='ltr' id='par_1_20' title="bbox 281 1833 542 1865">
     <span class='ocr_line' id='line_1_38' title="bbox 281 1833 542 1865; baseline -0.004 0"><span class='ocrx_word' id='word_1_108' title='bbox 281 1843 358 1865; x_wconf 89' lang='lat' dir='ltr'><strong>vera</strong></span> <span class='ocrx_word' id='word_1_109' title='bbox 383 1833 542 1865; x_wconf 86' lang='lat' dir='ltr'><strong>sustineas</strong></span> 
     </span>
    </p>
   </div>
   <div class='ocr_carea' id='block_1_18' title="bbox 887 1187 949 1220">
    <p class='ocr_par' dir='ltr' id='par_1_21' title="bbox 887 1187 949 1220">
     <span class='ocr_line' id='line_1_39' title="bbox 887 1187 949 1220; baseline -0.032 0"><span class='ocrx_word' id='word_1_110' title='bbox 887 1187 949 1220; x_wconf 88' lang='lat' dir='ltr'><strong>6b.</strong></span> 
     </span>
    </p>
   </div>
   <div class='ocr_carea' id='block_1_19' title="bbox 888 1438 947 1472">
    <p class='ocr_par' dir='ltr' id='par_1_22' title="bbox 888 1438 947 1472">
     <span class='ocr_line' id='line_1_40' title="bbox 888 1438 947 1472; baseline -0.034 0"><span class='ocrx_word' id='word_1_111' title='bbox 888 1438 947 1472; x_wconf 86' lang='lat' dir='ltr'><strong>7b.</strong></span> 
     </span>
    </p>
   </div>
   <div class='ocr_carea' id='block_1_20' title="bbox 889 1739 948 1773">
    <p class='ocr_par' dir='ltr' id='par_1_23' title="bbox 889 1739 948 1773">
     <span class='ocr_line' id='line_1_41' title="bbox 889 1739 948 1773; baseline -0.051 0"><span class='ocrx_word' id='word_1_112' title='bbox 889 1739 948 1773; x_wconf 83' lang='lat' dir='ltr'><strong>8b.</strong></span> 
     </span>
    </p>
   </div>
   <div class='ocr_carea' id='block_1_21' title="bbox 974 934 1390 1120">
    <p class='ocr_par' dir='ltr' id='par_1_24' title="bbox 974 934 1266 969">
     <span class='ocr_line' id='line_1_42' title="bbox 974 934 1266 969; baseline -0.014 0"><span class='ocrx_word' id='word_1_113' title='bbox 974 935 1100 969; x_wconf 86' lang='lat' dir='ltr'><strong>Umbra</strong></span> <span class='ocrx_word' id='word_1_114' title='bbox 1126 934 1266 966; x_wconf 87' lang='lat' dir='ltr'><strong>volveris</strong></span> 
     </span>
    </p>

    <p class='ocr_par' dir='ltr' id='par_1_25' title="bbox 974 982 1182 1015">
     <span class='ocr_line' id='line_1_43' title="bbox 974 982 1182 1015; baseline -0.01 0"><span class='ocrx_word' id='word_1_115' title='bbox 974 984 1020 1015; x_wconf 82' lang='lat' dir='ltr'><strong>ibi</strong></span> <span class='ocrx_word' id='word_1_116' title='bbox 1047 982 1182 1015; x_wconf 85' lang='lat' dir='ltr'><strong>horrida.</strong></span> 
     </span>
    </p>

    <p class='ocr_par' dir='ltr' id='par_1_26' title="bbox 975 1029 1390 1120">
     <span class='ocr_line' id='line_1_44' title="bbox 975 1029 1390 1071; baseline -0.007 -7"><span class='ocrx_word' id='word_1_117' title='bbox 975 1041 1069 1071; x_wconf 88' lang='lat' dir='ltr'><strong>nunc,</strong></span> <span class='ocrx_word' id='word_1_118' title='bbox 1098 1031 1216 1071; x_wconf 89' lang='lat' dir='ltr'><strong>cupido</strong></span> <span class='ocrx_word' id='word_1_119' title='bbox 1243 1029 1390 1070; x_wconf 86' lang='lat' dir='ltr'><strong>profudit</strong></span> 
     </span>
     <span class='ocr_line' id='line_1_45' title="bbox 978 1079 1301 1120; baseline -0.006 -8"><span class='ocrx_word' id='word_1_120' title='bbox 978 1090 1040 1120; x_wconf 89' lang='lat' dir='ltr'><strong>quo</strong></span> <span class='ocrx_word' id='word_1_121' title='bbox 1068 1088 1165 1112; x_wconf 87' lang='lat' dir='ltr'><strong>saeva</strong></span> <span class='ocrx_word' id='word_1_122' title='bbox 1190 1079 1301 1111; x_wconf 86' lang='lat' dir='ltr'><strong>animi.</strong></span> 
     </span>
    </p>
   </div>
   <div class='ocr_carea' id='block_1_22' title="bbox 975 1185 1397 1363">
    <p class='ocr_par' dir='ltr' id='par_1_27' title="bbox 976 1185 1342 1266">
     <span class='ocr_line' id='line_1_46' title="bbox 978 1185 1342 1218; baseline 0 -2"><span class='ocrx_word' id='word_1_123' title='bbox 978 1185 1073 1218; x_wconf 84' lang='lat' dir='ltr'><strong>Facis</strong></span> <span class='ocrx_word' id='word_1_124' title='bbox 1100 1194 1196 1217; x_wconf 88' lang='lat' dir='ltr'><strong>caeco</strong></span> <span class='ocrx_word' id='word_1_125' title='bbox 1222 1185 1342 1217; x_wconf 87' lang='lat' dir='ltr'><strong>lumine</strong></span> 
     </span>
     <span class='ocr_line' id='line_1_47' title="bbox 976 1233 1199 1266; baseline -0.009 0"><span class='ocrx_word' id='word_1_126' title='bbox 976 1234 1048 1266; x_wconf 87' lang='lat' dir='ltr'><strong>fusa</strong></span> <span class='ocrx_word' id='word_1_127' title='bbox 1073 1233 1199 1266; x_wconf 89' lang='lat' dir='ltr'><strong>nebulis</strong></span> 
     </span>
    </p>

    <p class='ocr_par' dir='ltr' id='par_1_28' title="bbox 975 1282 1397 1363">
     <span class='ocr_line' id='line_1_48' title="bbox 977 1282 1397 1323; baseline -0.002 -9"><span class='ocrx_word' id='word_1_128' title='bbox 977 1292 1093 1323; x_wconf 85' lang='lat' dir='ltr'><strong>expers</strong></span> <span class='ocrx_word' id='word_1_129' title='bbox 1121 1282 1280 1322; x_wconf 77' lang='lat' dir='ltr'><strong>dulcibus,</strong></span> <span class='ocrx_word' id='word_1_130' title='bbox 1308 1290 1397 1314; x_wconf 87' lang='lat' dir='ltr'><strong>mens</strong></span> 
     </span>
     <span class='ocr_line' id='line_1_49' title="bbox 975 1332 1102 1363; baseline 0.008 -1"><span class='ocrx_word' id='word_1_131' title='bbox 975 1332 1102 1363; x_wconf 88' lang='lat' dir='ltr'><strong>misera.</strong></span> 
     </span>
    </p>
   </div>
   <div class='ocr_carea' id='block_1_23' title="bbox 974 1437 1406 1673">
    <p class='ocr_par' dir='ltr' id='par_1_29' title="bbox 974 1437 1406 1622">
     <span class='ocr_line' id='line_1_50' title="bbox 974 1437 1358 1477; baseline -0.005 -6"><span class='ocrx_word' id='word_1_132' title='bbox 974 1439 1088 1472; x_wconf 88' lang='lat' dir='ltr'><strong>Tantis</strong></span> <span class='ocrx_word' id='word_1_133' title='bbox 1114 1442 1228 1477; x_wconf 88' lang='lat' dir='ltr'><strong>potens</strong></span> <span class='ocrx_word' id='word_1_134' title='bbox 1255 1437 1358 1469; x_wconf 90' lang='lat' dir='ltr'><strong>doluit</strong></span> 
     </span>
     <span class='ocr_line' id='line_1_51' title="bbox 976 1486 1361 1528; baseline -0.003 -10"><span class='ocrx_word' id='word_1_135' title='bbox 976 1487 1082 1519; x_wconf 79' lang='lat' dir='ltr'><strong>factor</strong></span> <span class='ocrx_word' id='word_1_136' title='bbox 1109 1486 1154 1517; x_wconf 79' lang='lat' dir='ltr'><strong>tui</strong></span> <span class='ocrx_word' id='word_1_137' title='bbox 1181 1486 1361 1528; x_wconf 81' lang='lat' dir='ltr'><strong>calumniis,</strong></span> 
     </span>
     <span class='ocr_line' id='line_1_52' title="bbox 977 1534 1406 1573; baseline 0 -7"><span class='ocrx_word' id='word_1_138' title='bbox 977 1536 1073 1573; x_wconf 89' lang='lat' dir='ltr'><strong>venit,</strong></span> <span class='ocrx_word' id='word_1_139' title='bbox 1101 1534 1197 1566; x_wconf 89' lang='lat' dir='ltr'><strong>solvit</strong></span> <span class='ocrx_word' id='word_1_140' title='bbox 1223 1543 1242 1565; x_wconf 92' lang='lat' dir='ltr'><strong>a</strong></span> <span class='ocrx_word' id='word_1_141' title='bbox 1269 1535 1406 1566; x_wconf 87' lang='lat' dir='ltr'><strong>vinculis</strong></span> 
     </span>
     <span class='ocr_line' id='line_1_53' title="bbox 975 1583 1256 1622; baseline -0.007 -7"><span class='ocrx_word' id='word_1_142' title='bbox 975 1584 1086 1622; x_wconf 84' lang='lat' dir='ltr'><strong>bonos,</strong></span> <span class='ocrx_word' id='word_1_143' title='bbox 1114 1583 1256 1622; x_wconf 87' lang='lat' dir='ltr'><strong>respires</strong></span> 
     </span>
    </p>

    <p class='ocr_par' dir='ltr' id='par_1_30' title="bbox 976 1631 1192 1673">
     <span class='ocr_line' id='line_1_54' title="bbox 976 1631 1192 1673; baseline 0.005 -10"><span class='ocrx_word' id='word_1_144' title='bbox 976 1632 1018 1663; x_wconf 87' lang='lat' dir='ltr'><strong>ad</strong></span> <span class='ocrx_word' id='word_1_145' title='bbox 1044 1631 1192 1673; x_wconf 81' lang='lat' dir='ltr'><strong>gratiam.</strong></span> 
     </span>
    </p>
   </div>
   <div class='ocr_carea' id='block_1_24' title="bbox 977 1737 1419 1875">
    <p class='ocr_par' dir='ltr' id='par_1_31' title="bbox 977 1737 1419 1875">
     <span class='ocr_line' id='line_1_55' title="bbox 977 1737 1353 1779; baseline -0.008 -8"><span class='ocrx_word' id='word_1_146' title='bbox 977 1739 1090 1771; x_wconf 87' lang='lat' dir='ltr'><strong>Flecte</strong></span> <span class='ocrx_word' id='word_1_147' title='bbox 1116 1738 1191 1769; x_wconf 91' lang='lat' dir='ltr'><strong>hinc</strong></span> <span class='ocrx_word' id='word_1_148' title='bbox 1218 1737 1353 1779; x_wconf 69' lang='lat' dir='ltr'><strong>faciem,</strong></span> 
     </span>
     <span class='ocr_line' id='line_1_56' title="bbox 977 1795 1419 1827; baseline 0 -9"><span class='ocrx_word' id='word_1_149' title='bbox 977 1795 1147 1827; x_wconf 83' lang='lat' dir='ltr'><strong>imaginem</strong></span> <span class='ocrx_word' id='word_1_150' title='bbox 1173 1796 1243 1818; x_wconf 88' lang='lat' dir='ltr'><strong>auri</strong></span> <span class='ocrx_word' id='word_1_151' title='bbox 1270 1796 1419 1827; x_wconf 85' lang='lat' dir='ltr'><strong>primam,</strong></span> 
     </span>
     <span class='ocr_line' id='line_1_57' title="bbox 978 1836 1270 1875; baseline -0.007 -7"><span class='ocrx_word' id='word_1_152' title='bbox 978 1836 1104 1868; x_wconf 88' lang='lat' dir='ltr'><strong>dulcem</strong></span> <span class='ocrx_word' id='word_1_153' title='bbox 1130 1836 1270 1875; x_wconf 89' lang='lat' dir='ltr'><strong>repetito</strong></span> 
     </span>
    </p>
   </div>
   <div class='ocr_carea' id='block_1_25' title="bbox 199 1883 1355 2130">
    <p class='ocr_par' dir='ltr' id='par_1_32' title="bbox 281 1883 1127 1924">
     <span class='ocr_line' id='line_1_58' title="bbox 281 1883 1127 1924; baseline 0.002 -10"><span class='ocrx_word' id='word_1_154' title='bbox 281 1883 409 1923; x_wconf 83' lang='lat' dir='ltr'><strong>gaudia.</strong></span> <span class='ocrx_word' id='word_1_155' title='bbox 978 1885 1127 1924; x_wconf 69' lang='lat' dir='ltr'><strong>patriam,</strong></span> 
     </span>
    </p>

    <p class='ocr_par' dir='ltr' id='par_1_33' title="bbox 199 1991 1355 2130">
     <span class='ocr_line' id='line_1_59' title="bbox 199 1991 1140 2031; baseline 0 -8"><span class='ocrx_word' id='word_1_156' title='bbox 199 1992 260 2023; x_wconf 81' lang='lat' dir='ltr'><strong>9a.</strong></span> <span class='ocrx_word' id='word_1_157' title='bbox 288 1991 479 2031; x_wconf 77' lang='lat' dir='ltr'><strong>plasmator,</strong></span> <span class='ocrx_word' id='word_1_158' title='bbox 891 1991 952 2025; x_wconf 86' lang='lat' dir='ltr'><strong>9b.</strong></span> <span class='ocrx_word' id='word_1_159' title='bbox 979 1991 1028 2023; x_wconf 89' lang='lat' dir='ltr'><strong>Tu</strong></span> <span class='ocrx_word' id='word_1_160' title='bbox 1054 1992 1140 2024; x_wconf 89' lang='lat' dir='ltr'><strong>solus</strong></span> 
     </span>
     <span class='ocr_line' id='line_1_60' title="bbox 283 2040 1355 2082; baseline 0.001 -11"><span class='ocrx_word' id='word_1_161' title='bbox 283 2040 401 2072; x_wconf 90' lang='lat' dir='ltr'><strong>durare</strong></span> <span class='ocrx_word' id='word_1_162' title='bbox 426 2046 599 2077; x_wconf 89' lang='lat' dir='ltr'><strong>perennem</strong></span> <span class='ocrx_word' id='word_1_163' title='bbox 979 2046 1085 2072; x_wconf 74' lang='lat' dir='ltr'><strong>exstas</strong></span> <span class='ocrx_word' id='word_1_164' title='bbox 1112 2041 1226 2082; x_wconf 89' lang='lat' dir='ltr'><strong>trinus,</strong></span> <span class='ocrx_word' id='word_1_165' title='bbox 1254 2050 1355 2080; x_wconf 74' lang='lat' dir='ltr'><strong>unus,</strong></span> 
     </span>
     <span class='ocr_line' id='line_1_61' title="bbox 282 2087 1182 2130; baseline 0.002 -11"><span class='ocrx_word' id='word_1_166' title='bbox 282 2097 377 2128; x_wconf 84' lang='lat' dir='ltr'><strong>quam</strong></span> <span class='ocrx_word' id='word_1_167' title='bbox 404 2087 581 2126; x_wconf 80' lang='lat' dir='ltr'><strong>concedas3</strong></span> <span class='ocrx_word' id='word_1_168' title='bbox 977 2094 1008 2120; x_wconf 93' lang='lat' dir='ltr'><strong>te</strong></span> <span class='ocrx_word' id='word_1_169' title='bbox 1036 2098 1123 2130; x_wconf 90' lang='lat' dir='ltr'><strong>voce,</strong></span> <span class='ocrx_word' id='word_1_170' title='bbox 1151 2093 1182 2120; x_wconf 89' lang='lat' dir='ltr'><strong>te</strong></span> 
     </span>
    </p>
   </div>
   <div class='ocr_carea' id='block_1_26' title="bbox 282 2135 723 2177">
    <p class='ocr_par' dir='ltr' id='par_1_34' title="bbox 282 2135 723 2177">
     <span class='ocr_line' id='line_1_62' title="bbox 282 2135 723 2177; baseline -0.005 -9"><span class='ocrx_word' id='word_1_171' title='bbox 282 2137 337 2168; x_wconf 84' lang='lat' dir='ltr'><strong>lux</strong></span> <span class='ocrx_word' id='word_1_172' title='bbox 364 2136 407 2168; x_wconf 89' lang='lat' dir='ltr'><strong>sis</strong></span> <span class='ocrx_word' id='word_1_173' title='bbox 433 2135 536 2177; x_wconf 90' lang='lat' dir='ltr'><strong>nobis,</strong></span> <span class='ocrx_word' id='word_1_174' title='bbox 564 2136 723 2168; x_wconf 90' lang='lat' dir='ltr'><strong>meritum.</strong></span> 
     </span>
    </p>
   </div>
   <div class='ocr_carea' id='block_1_27' title="bbox 979 2138 1380 2178">
    <p class='ocr_par' dir='ltr' id='par_1_35' title="bbox 979 2138 1380 2178">
     <span class='ocr_line' id='line_1_63' title="bbox 979 2138 1380 2178; baseline 0.002 -9"><span class='ocrx_word' id='word_1_175' title='bbox 979 2139 1087 2177; x_wconf 88' lang='lat' dir='ltr'><strong>corde,</strong></span> <span class='ocrx_word' id='word_1_176' title='bbox 1115 2146 1183 2178; x_wconf 87' lang='lat' dir='ltr'><strong>rex,</strong></span> <span class='ocrx_word' id='word_1_177' title='bbox 1212 2138 1380 2170; x_wconf 89' lang='lat' dir='ltr'><strong>laudamus</strong></span> 
     </span>
    </p>
   </div>
   <div class='ocr_carea' id='block_1_28' title="bbox 709 2246 995 2279">
    <p class='ocr_par' dir='ltr' id='par_1_36' title="bbox 709 2246 995 2279">
     <span class='ocr_line' id='line_1_64' title="bbox 709 2246 995 2279; baseline 0 -2"><span class='ocrx_word' id='word_1_178' title='bbox 709 2246 765 2279; x_wconf 92' lang='lat'><strong>10.</strong></span> <span class='ocrx_word' id='word_1_179' title='bbox 792 2246 828 2277; x_wconf 90' lang='lat' dir='ltr'><strong>In</strong></span> <span class='ocrx_word' id='word_1_180' title='bbox 856 2246 995 2278; x_wconf 89' lang='lat' dir='ltr'><strong>saecula.</strong></span> 
     </span>
    </p>
   </div>
   <div class='ocr_carea' id='block_1_29' title="bbox 187 2349 1523 2428">
    <p class='ocr_par' dir='ltr' id='par_1_37' title="bbox 187 2349 1523 2428">
     <span class='ocr_line' id='line_1_65' title="bbox 265 2349 1519 2389; baseline 0.003 -11"><span class='ocrx_word' id='word_1_181' title='bbox 265 2350 427 2378; x_wconf 78' lang='lat' dir='ltr'><strong>Collectan.</strong></span> <span class='ocrx_word' id='word_1_182' title='bbox 455 2358 506 2377; x_wconf 81' lang='lat' dir='ltr'><strong>ms.</strong></span> <span class='ocrx_word' id='word_1_183' title='bbox 535 2350 776 2379; x_wconf 85' lang='lat' dir='ltr'><strong>Emmeramense</strong></span> <span class='ocrx_word' id='word_1_184' title='bbox 801 2359 880 2379; x_wconf 82' lang='lat' dir='ltr'><strong>saec.</strong></span> <span class='ocrx_word' id='word_1_185' title='bbox 908 2349 934 2378; x_wconf 88' lang='lat'><strong>9.</strong></span> <span class='ocrx_word' id='word_1_186' title='bbox 957 2351 1031 2379; x_wconf 89' lang='lat' dir='ltr'><strong>Clm.</strong></span> <span class='ocrx_word' id='word_1_187' title='bbox 1052 2353 1208 2380; x_wconf 86' lang='lat' dir='ltr'><strong>Monacen.</strong></span> <span class='ocrx_word' id='word_1_188' title='bbox 1239 2351 1348 2381; x_wconf 84' lang='lat'><strong>14843.</strong></span> <span class='ocrx_word' id='word_1_189' title='bbox 1369 2368 1408 2373; x_wconf 89' lang='lat'>—</span> <span class='ocrx_word' id='word_1_190' title='bbox 1429 2353 1480 2389; x_wconf 78' lang='lat' dir='ltr'><strong>2a,</strong></span> <span class='ocrx_word' id='word_1_191' title='bbox 1505 2355 1519 2384; x_wconf 96' lang='lat' dir='ltr'><strong>l</strong></span> 
     </span>
     <span class='ocr_line' id='line_1_66' title="bbox 187 2387 1523 2428; baseline 0.003 -10"><span class='ocrx_word' id='word_1_192' title='bbox 187 2392 218 2418; x_wconf 89' lang='lat' dir='ltr'><strong>in</strong></span> <span class='ocrx_word' id='word_1_193' title='bbox 239 2390 321 2418; x_wconf 81' lang='lat' dir='ltr'><strong>fehlt.</strong></span> <span class='ocrx_word' id='word_1_194' title='bbox 344 2404 377 2408; x_wconf 91' lang='lat'>—</span> <span class='ocrx_word' id='word_1_195' title='bbox 401 2387 454 2421; x_wconf 67' lang='lat'><strong>212,</strong></span> <span class='ocrx_word' id='word_1_196' title='bbox 471 2389 485 2417; x_wconf 85' lang='lat'>1</span> <span class='ocrx_word' id='word_1_197' title='bbox 509 2399 637 2417; x_wconf 87' lang='lat' dir='ltr'><strong>manum.</strong></span> <span class='ocrx_word' id='word_1_198' title='bbox 656 2405 688 2408; x_wconf 98' lang='lat'><strong>—</strong></span> <span class='ocrx_word' id='word_1_199' title='bbox 705 2389 757 2425; x_wconf 64' lang='lat'><strong>512,</strong></span> <span class='ocrx_word' id='word_1_200' title='bbox 771 2388 789 2418; x_wconf 87' lang='lat'>5</span> <span class='ocrx_word' id='word_1_201' title='bbox 811 2399 854 2425; x_wconf 86' lang='lat' dir='ltr'><strong>sq.</strong></span> <span class='ocrx_word' id='word_1_202' title='bbox 876 2399 955 2418; x_wconf 88' lang='lat' dir='ltr'><strong>nunc</strong></span> <span class='ocrx_word' id='word_1_203' title='bbox 978 2390 1099 2419; x_wconf 82' lang='lat' dir='ltr'><strong>horrida</strong></span> <span class='ocrx_word' id='word_1_204' title='bbox 1120 2391 1228 2427; x_wconf 86' lang='lat' dir='ltr'><strong>cupido</strong></span> <span class='ocrx_word' id='word_1_205' title='bbox 1250 2400 1308 2428; x_wconf 85' lang='lat' dir='ltr'><strong>quo</strong></span> <span class='ocrx_word' id='word_1_206' title='bbox 1330 2393 1469 2428; x_wconf 86' lang='lat' dir='ltr'><strong>profudit.</strong></span> <span class='ocrx_word' id='word_1_207' title='bbox 1485 2409 1523 2414; x_wconf 92' lang='lat'><strong>——</strong></span> 
     </span>
    </p>
   </div>
   <div class='ocr_carea' id='block_1_30' title="bbox 187 2425 1318 2466">
    <p class='ocr_par' dir='ltr' id='par_1_38' title="bbox 187 2425 1318 2466">
     <span class='ocr_line' id='line_1_67' title="bbox 187 2425 1318 2466; baseline 0.001 -9"><span class='ocrx_word' id='word_1_208' title='bbox 187 2427 240 2463; x_wconf 85' lang='lat' dir='ltr'><strong>6b,</strong></span> <span class='ocrx_word' id='word_1_209' title='bbox 264 2429 277 2457; x_wconf 91' lang='lat'>1</span> <span class='ocrx_word' id='word_1_210' title='bbox 302 2430 403 2456; x_wconf 82' lang='lat' dir='ltr'><strong>Faces.</strong></span> <span class='ocrx_word' id='word_1_211' title='bbox 428 2444 462 2447; x_wconf 97' lang='lat'><strong>—</strong></span> <span class='ocrx_word' id='word_1_212' title='bbox 483 2426 534 2461; x_wconf 78' lang='lat' dir='ltr'><strong>Sa,</strong></span> <span class='ocrx_word' id='word_1_213' title='bbox 556 2427 574 2456; x_wconf 87' lang='grc'>2</span> <span class='ocrx_word' id='word_1_214' title='bbox 595 2439 638 2466; x_wconf 86' lang='lat' dir='ltr'><strong>sq.</strong></span> <span class='ocrx_word' id='word_1_215' title='bbox 659 2429 753 2465; x_wconf 87' lang='lat' dir='ltr'><strong>pudor</strong></span> <span class='ocrx_word' id='word_1_216' title='bbox 772 2433 801 2457; x_wconf 87' lang='lat' dir='ltr'><strong>te</strong></span> <span class='ocrx_word' id='word_1_217' title='bbox 822 2433 948 2458; x_wconf 83' lang='lat' dir='ltr'><strong>tervera.</strong></span> <span class='ocrx_word' id='word_1_218' title='bbox 971 2444 1008 2448; x_wconf 98' lang='lat'><strong>—</strong></span> <span class='ocrx_word' id='word_1_219' title='bbox 1029 2425 1216 2458; x_wconf 73' lang='lat' dir='ltr'><strong>Ubersehrift</strong></span> <span class='ocrx_word' id='word_1_220' title='bbox 1237 2431 1318 2459; x_wconf 85' lang='lat' dir='ltr'><strong>fehlt.</strong></span> 
     </span>
    </p>
   </div>
  </div>
 </body>
</html>
