<?xml version="1.0" encoding="UTF-8"?>
<!DOCTYPE html PUBLIC "-//W3C//DTD XHTML 1.0 Transitional//EN"
    "http://www.w3.org/TR/xhtml1/DTD/xhtml1-transitional.dtd">
<html xmlns="http://www.w3.org/1999/xhtml" xml:lang="en" lang="en">
 <head>
  <title>
</title>
<meta http-equiv="Content-Type" content="text/html;charset=utf-8" />
  <meta name='ocr-system' content='tesseract 3.04.00' />
  <meta name='ocr-capabilities' content='ocr_page ocr_carea ocr_par ocr_line ocrx_word'/>
</head>
<body>
  <div class='ocr_page' id='page_1' title='image "./analectahymnica42drevuoft_0178.png"; bbox 0 0 1654 2756; ppageno 0'>
   <div class='ocr_carea' id='block_1_1' title="bbox 119 236 492 424">
    <p class='ocr_par' dir='ltr' id='par_1_1' title="bbox 119 236 492 326">
     <span class='ocr_line' id='line_1_1' title="bbox 119 236 399 278; baseline 0 -10"><span class='ocrx_word' id='word_1_1' title='bbox 119 236 183 268; x_wconf 62' lang='lat'>22.</span> <span class='ocrx_word' id='word_1_2' title='bbox 217 236 305 268; x_wconf 81' lang='lat' dir='ltr'>Arce</span> <span class='ocrx_word' id='word_1_3' title='bbox 331 237 399 278; x_wconf 81' lang='lat' dir='ltr'>poli</span> 
     </span>
     <span class='ocr_line' id='line_1_2' title="bbox 269 285 492 326; baseline -0.004 -9"><span class='ocrx_word' id='word_1_4' title='bbox 269 285 375 326; x_wconf 87' lang='lat' dir='ltr'><strong>Digne</strong></span> <span class='ocrx_word' id='word_1_5' title='bbox 403 287 492 325; x_wconf 76' lang='lat' dir='ltr'>vivit,</span> 
     </span>
    </p>

    <p class='ocr_par' dir='ltr' id='par_1_2' title="bbox 219 334 478 424">
     <span class='ocr_line' id='line_1_3' title="bbox 219 334 415 367; baseline 0.005 -2"><span class='ocrx_word' id='word_1_6' title='bbox 219 334 327 366; x_wconf 88' lang='lat' dir='ltr'>Antro</span> <span class='ocrx_word' id='word_1_7' title='bbox 353 335 415 367; x_wconf 84' lang='lat' dir='ltr'>soli</span> 
     </span>
     <span class='ocr_line' id='line_1_4' title="bbox 269 384 478 424; baseline -0.005 -8"><span class='ocrx_word' id='word_1_8' title='bbox 269 384 478 424; x_wconf 81' lang='lat' dir='ltr'>Compedivit</span> 
     </span>
    </p>
   </div>
   <div class='ocr_carea' id='block_1_2' title="bbox 319 431 717 473">
    <p class='ocr_par' dir='ltr' id='par_1_3' title="bbox 319 431 717 473">
     <span class='ocr_line' id='line_1_5' title="bbox 319 431 717 473; baseline -0.003 -9"><span class='ocrx_word' id='word_1_9' title='bbox 319 431 360 464; x_wconf 91' lang='lat' dir='ltr'>Se</span> <span class='ocrx_word' id='word_1_10' title='bbox 387 433 543 465; x_wconf 82' lang='lat' dir='ltr'>virtutum</span> <span class='ocrx_word' id='word_1_11' title='bbox 571 432 697 472; x_wconf 87' lang='lat' dir='ltr'>legibus</span> <span class='ocrx_word' id='word_1_12' title='bbox 709 441 717 473; x_wconf 82' lang='lat'><em>3</em></span> 
     </span>
    </p>
   </div>
   <div class='ocr_carea' id='block_1_3' title="bbox 123 518 574 704">
    <p class='ocr_par' dir='ltr' id='par_1_4' title="bbox 123 518 574 607">
     <span class='ocr_line' id='line_1_6' title="bbox 123 518 483 560; baseline -0.003 -9"><span class='ocrx_word' id='word_1_13' title='bbox 123 520 184 553; x_wconf 90' lang='lat' dir='ltr'>3a.</span> <span class='ocrx_word' id='word_1_14' title='bbox 221 518 329 560; x_wconf 88' lang='lat' dir='ltr'>thue</span> <span class='ocrx_word' id='word_1_15' title='bbox 356 522 483 559; x_wconf 86' lang='lat' dir='ltr'>premat</span> 
     </span>
     <span class='ocr_line' id='line_1_7' title="bbox 271 567 574 607; baseline -0.003 -8"><span class='ocrx_word' id='word_1_16' title='bbox 271 567 386 600; x_wconf 85' lang='lat' dir='ltr'>Carnis</span> <span class='ocrx_word' id='word_1_17' title='bbox 413 567 574 607; x_wconf 80' lang='lat' dir='ltr'>haustum,</span> 
     </span>
    </p>

    <p class='ocr_par' dir='ltr' id='par_1_5' title="bbox 224 614 517 704">
     <span class='ocr_line' id='line_1_8' title="bbox 224 614 468 647; baseline 0.004 -2"><span class='ocrx_word' id='word_1_18' title='bbox 224 614 320 647; x_wconf 78' lang='lat' dir='ltr'>Foris</span> <span class='ocrx_word' id='word_1_19' title='bbox 347 619 468 647; x_wconf 74' lang='lat' dir='ltr'>cremat</span> 
     </span>
     <span class='ocr_line' id='line_1_9' title="bbox 270 663 517 704; baseline -0.008 -8"><span class='ocrx_word' id='word_1_20' title='bbox 270 663 517 704; x_wconf 81' lang='lat' dir='ltr'>Holocaustum,</span> 
     </span>
    </p>
   </div>
   <div class='ocr_carea' id='block_1_4' title="bbox 317 710 670 752">
    <p class='ocr_par' dir='ltr' id='par_1_6' title="bbox 317 710 670 752">
     <span class='ocr_line' id='line_1_10' title="bbox 317 710 670 752; baseline -0.003 -9"><span class='ocrx_word' id='word_1_21' title='bbox 317 711 384 743; x_wconf 91' lang='lat' dir='ltr'>Tus</span> <span class='ocrx_word' id='word_1_22' title='bbox 411 712 444 743; x_wconf 89' lang='lat' dir='ltr'>in</span> <span class='ocrx_word' id='word_1_23' title='bbox 470 710 670 752; x_wconf 74' lang='lat' dir='ltr'>sanctuari03</span> 
     </span>
    </p>
   </div>
   <div class='ocr_carea' id='block_1_5' title="bbox 123 798 596 987">
    <p class='ocr_par' dir='ltr' id='par_1_7' title="bbox 123 798 596 987">
     <span class='ocr_line' id='line_1_11' title="bbox 123 798 436 839; baseline -0.01 -6"><span class='ocrx_word' id='word_1_24' title='bbox 123 801 184 833; x_wconf 86' lang='lat' dir='ltr'>4a.</span> <span class='ocrx_word' id='word_1_25' title='bbox 222 798 302 831; x_wconf 90' lang='lat' dir='ltr'>Cibo</span> <span class='ocrx_word' id='word_1_26' title='bbox 328 799 436 839; x_wconf 81' lang='lat' dir='ltr'>parcit</span> 
     </span>
     <span class='ocr_line' id='line_1_12' title="bbox 270 847 596 888; baseline -0.009 -8"><span class='ocrx_word' id='word_1_27' title='bbox 270 847 430 888; x_wconf 85' lang='lat' dir='ltr'>Simplex,</span> <span class='ocrx_word' id='word_1_28' title='bbox 458 847 596 887; x_wconf 77' lang='lat' dir='ltr'>pudens,</span> 
     </span>
     <span class='ocr_line' id='line_1_13' title="bbox 222 896 442 929; baseline -0.005 -1"><span class='ocrx_word' id='word_1_29' title='bbox 222 896 276 928; x_wconf 88' lang='lat' dir='ltr'>Sic</span> <span class='ocrx_word' id='word_1_30' title='bbox 304 897 442 929; x_wconf 82' lang='lat' dir='ltr'>resarcit</span> 
     </span>
     <span class='ocr_line' id='line_1_14' title="bbox 274 945 536 987; baseline -0.004 -10"><span class='ocrx_word' id='word_1_31' title='bbox 274 945 365 987; x_wconf 85' lang='lat' dir='ltr'>pugil</span> <span class='ocrx_word' id='word_1_32' title='bbox 392 945 536 985; x_wconf 79' lang='lat' dir='ltr'>prudens</span> 
     </span>
    </p>
   </div>
   <div class='ocr_carea' id='block_1_6' title="bbox 322 993 714 1026">
    <p class='ocr_par' dir='ltr' id='par_1_8' title="bbox 322 993 714 1026">
     <span class='ocr_line' id='line_1_15' title="bbox 322 993 714 1026; baseline -0.003 0"><span class='ocrx_word' id='word_1_33' title='bbox 322 993 513 1026; x_wconf 83' lang='lat' dir='ltr'>Resolutum</span> <span class='ocrx_word' id='word_1_34' title='bbox 541 993 714 1025; x_wconf 86' lang='lat' dir='ltr'>homiuem.</span> 
     </span>
    </p>
   </div>
   <div class='ocr_carea' id='block_1_7' title="bbox 126 1081 523 1259">
    <p class='ocr_par' dir='ltr' id='par_1_9' title="bbox 126 1081 491 1169">
     <span class='ocr_line' id='line_1_16' title="bbox 126 1081 409 1121; baseline -0.014 -6"><span class='ocrx_word' id='word_1_35' title='bbox 126 1086 187 1116; x_wconf 82' lang='lat' dir='ltr'>5a.</span> <span class='ocrx_word' id='word_1_36' title='bbox 226 1081 409 1121; x_wconf 81' lang='lat' dir='ltr'>Concupita</span> 
     </span>
     <span class='ocr_line' id='line_1_17' title="bbox 271 1129 491 1169; baseline -0.009 -7"><span class='ocrx_word' id='word_1_37' title='bbox 271 1129 365 1162; x_wconf 85' lang='lat' dir='ltr'>Salus</span> <span class='ocrx_word' id='word_1_38' title='bbox 393 1129 491 1169; x_wconf 88' lang='lat' dir='ltr'>redit,</span> 
     </span>
    </p>

    <p class='ocr_par' dir='ltr' id='par_1_10' title="bbox 222 1178 523 1259">
     <span class='ocr_line' id='line_1_18' title="bbox 222 1178 458 1219; baseline -0.008 -7"><span class='ocrx_word' id='word_1_39' title='bbox 222 1179 353 1219; x_wconf 86' lang='lat' dir='ltr'>Resque</span> <span class='ocrx_word' id='word_1_40' title='bbox 379 1178 458 1217; x_wconf 81' lang='lat' dir='ltr'>vita,</span> 
     </span>
     <span class='ocr_line' id='line_1_19' title="bbox 272 1226 523 1259; baseline -0.008 0"><span class='ocrx_word' id='word_1_41' title='bbox 272 1227 409 1259; x_wconf 87' lang='lat' dir='ltr'>Demum</span> <span class='ocrx_word' id='word_1_42' title='bbox 436 1226 523 1258; x_wconf 84' lang='lat' dir='ltr'>cedit</span> 
     </span>
    </p>
   </div>
   <div class='ocr_carea' id='block_1_8' title="bbox 325 1274 697 1314">
    <p class='ocr_par' dir='ltr' id='par_1_11' title="bbox 325 1274 697 1314">
     <span class='ocr_line' id='line_1_20' title="bbox 325 1274 697 1314; baseline -0.003 -7"><span class='ocrx_word' id='word_1_43' title='bbox 325 1276 488 1314; x_wconf 88' lang='lat' dir='ltr'>Calculus,</span> <span class='ocrx_word' id='word_1_44' title='bbox 518 1274 697 1306; x_wconf 79' lang='lat' dir='ltr'>calamitas.</span> 
     </span>
    </p>
   </div>
   <div class='ocr_carea' id='block_1_9' title="bbox 815 140 836 175">
    <p class='ocr_par' dir='ltr' id='par_1_12' title="bbox 815 140 836 175">
     <span class='ocr_line' id='line_1_21' title="bbox 815 140 836 175; baseline 0 0"><span class='ocrx_word' id='word_1_45' title='bbox 815 140 836 175; x_wconf 81' lang='lat'>5</span> 
     </span>
    </p>
   </div>
   <div class='ocr_carea' id='block_1_10' title="bbox 769 141 1427 473">
    <p class='ocr_par' dir='ltr' id='par_1_13' title="bbox 769 141 1427 473">
     <span class='ocr_line' id='line_1_22' title="bbox 769 141 935 177; baseline 0.012 -2"><span class='ocrx_word' id='word_1_46' title='bbox 769 141 811 177; x_wconf 88' lang='grc'>17</span> <span class='ocrx_word' id='word_1_47' title='bbox 888 159 935 166; x_wconf 84' lang='grc'>·-</span> 
     </span>
     <span class='ocr_line' id='line_1_23' title="bbox 828 238 1191 278; baseline -0.006 -7"><span class='ocrx_word' id='word_1_48' title='bbox 828 238 894 274; x_wconf 84' lang='lat' dir='ltr'>2b.</span> <span class='ocrx_word' id='word_1_49' title='bbox 930 238 1058 278; x_wconf 78' lang='lat' dir='ltr'>Castus,</span> <span class='ocrx_word' id='word_1_50' title='bbox 1085 247 1191 275; x_wconf 77' lang='lat' dir='ltr'>orans,</span> 
     </span>
     <span class='ocr_line' id='line_1_24' title="bbox 976 286 1220 325; baseline -0.004 -6"><span class='ocrx_word' id='word_1_51' title='bbox 976 287 1094 325; x_wconf 81' lang='lat' dir='ltr'>Iustus,</span> <span class='ocrx_word' id='word_1_52' title='bbox 1124 286 1220 324; x_wconf 85' lang='lat' dir='ltr'>mitis,</span> 
     </span>
     <span class='ocr_line' id='line_1_25' title="bbox 928 334 1210 375; baseline -0.007 -7"><span class='ocrx_word' id='word_1_53' title='bbox 928 334 1050 368; x_wconf 83' lang='lat' dir='ltr'>Crebro</span> <span class='ocrx_word' id='word_1_54' title='bbox 1077 335 1210 375; x_wconf 84' lang='lat' dir='ltr'>plorans</span> 
     </span>
     <span class='ocr_line' id='line_1_26' title="bbox 976 383 1147 415; baseline 0.006 -1"><span class='ocrx_word' id='word_1_55' title='bbox 976 383 1147 415; x_wconf 84' lang='lat' dir='ltr'>Infrunitis</span> 
     </span>
     <span class='ocr_line' id='line_1_27' title="bbox 1026 430 1427 473; baseline -0.002 -8"><span class='ocrx_word' id='word_1_56' title='bbox 1026 432 1111 465; x_wconf 81' lang='lat' dir='ltr'>Orbe</span> <span class='ocrx_word' id='word_1_57' title='bbox 1138 441 1197 471; x_wconf 91' lang='lat' dir='ltr'>pro</span> <span class='ocrx_word' id='word_1_58' title='bbox 1225 430 1427 473; x_wconf 77' lang='lat' dir='ltr'>degentibus,</span> 
     </span>
    </p>
   </div>
   <div class='ocr_carea' id='block_1_11' title="bbox 833 519 1331 744">
    <p class='ocr_par' dir='ltr' id='par_1_14' title="bbox 833 519 1331 744">
     <span class='ocr_line' id='line_1_28' title="bbox 833 519 1218 559; baseline -0.003 -8"><span class='ocrx_word' id='word_1_59' title='bbox 833 519 897 553; x_wconf 84' lang='lat' dir='ltr'>3b.</span> <span class='ocrx_word' id='word_1_60' title='bbox 936 519 1072 551; x_wconf 81' lang='lat' dir='ltr'>Carnem</span> <span class='ocrx_word' id='word_1_61' title='bbox 1101 528 1218 559; x_wconf 84' lang='lat' dir='ltr'>urgens</span> 
     </span>
     <span class='ocr_line' id='line_1_29' title="bbox 978 567 1156 607; baseline -0.006 -9"><span class='ocrx_word' id='word_1_62' title='bbox 978 567 1156 607; x_wconf 79' lang='lat' dir='ltr'>Ancillare⁷</span> 
     </span>
     <span class='ocr_line' id='line_1_30' title="bbox 927 615 1200 655; baseline 0 -8"><span class='ocrx_word' id='word_1_63' title='bbox 927 615 1039 647; x_wconf 87' lang='lat' dir='ltr'>Mente</span> <span class='ocrx_word' id='word_1_64' title='bbox 1065 624 1200 655; x_wconf 76' lang='lat' dir='ltr'>surgens</span> 
     </span>
     <span class='ocr_line' id='line_1_31' title="bbox 979 663 1129 703; baseline -0.02 -7"><span class='ocrx_word' id='word_1_65' title='bbox 979 663 1129 703; x_wconf 78' lang='lat' dir='ltr'>spatiare</span> 
     </span>
     <span class='ocr_line' id='line_1_32' title="bbox 1029 711 1331 744; baseline -0.01 0"><span class='ocrx_word' id='word_1_66' title='bbox 1029 712 1169 744; x_wconf 79' lang='lat' dir='ltr'>Caelesti</span> <span class='ocrx_word' id='word_1_67' title='bbox 1198 711 1331 744; x_wconf 84' lang='lat' dir='ltr'>rosario.</span> 
     </span>
    </p>
   </div>
   <div class='ocr_carea' id='block_1_12' title="bbox 833 799 1442 1033">
    <p class='ocr_par' dir='ltr' id='par_1_15' title="bbox 833 799 1442 1033">
     <span class='ocr_line' id='line_1_33' title="bbox 833 799 1129 833; baseline -0.003 -1"><span class='ocrx_word' id='word_1_68' title='bbox 833 799 897 833; x_wconf 87' lang='lat' dir='ltr'>4b.</span> <span class='ocrx_word' id='word_1_69' title='bbox 933 799 974 831; x_wconf 89' lang='lat' dir='ltr'>Se</span> <span class='ocrx_word' id='word_1_70' title='bbox 1001 799 1129 832; x_wconf 82' lang='lat' dir='ltr'>beatum</span> 
     </span>
     <span class='ocr_line' id='line_1_34' title="bbox 984 848 1230 888; baseline 0.004 -9"><span class='ocrx_word' id='word_1_71' title='bbox 984 848 1101 880; x_wconf 77' lang='lat' dir='ltr'>Probat</span> <span class='ocrx_word' id='word_1_72' title='bbox 1130 848 1230 888; x_wconf 58' lang='lat' dir='ltr'>signis</span> 
     </span>
     <span class='ocr_line' id='line_1_35' title="bbox 930 897 1111 930; baseline -0.017 0"><span class='ocrx_word' id='word_1_73' title='bbox 930 897 1111 930; x_wconf 77' lang='lat' dir='ltr'>Sanitatum</span> 
     </span>
     <span class='ocr_line' id='line_1_36' title="bbox 984 945 1200 985; baseline 0 -9"><span class='ocrx_word' id='word_1_74' title='bbox 984 945 1039 977; x_wconf 86' lang='lat' dir='ltr'>Vir</span> <span class='ocrx_word' id='word_1_75' title='bbox 1064 945 1200 985; x_wconf 79' lang='lat' dir='ltr'>insignis</span> 
     </span>
     <span class='ocr_line' id='line_1_37' title="bbox 1028 994 1442 1033; baseline -0.005 -7"><span class='ocrx_word' id='word_1_76' title='bbox 1028 995 1199 1033; x_wconf 73' lang='lat' dir='ltr'>vaporans</span> <span class='ocrx_word' id='word_1_77' title='bbox 1226 994 1442 1025; x_wconf 71' lang='lat' dir='ltr'>dulcedinem.</span> 
     </span>
    </p>
   </div>
   <div class='ocr_carea' id='block_1_13' title="bbox 835 1080 1479 1315">
    <p class='ocr_par' dir='ltr' id='par_1_16' title="bbox 835 1080 1479 1315">
     <span class='ocr_line' id='line_1_38' title="bbox 835 1080 1152 1120; baseline -0.003 -8"><span class='ocrx_word' id='word_1_78' title='bbox 835 1080 898 1114; x_wconf 84' lang='lat' dir='ltr'>5b.</span> <span class='ocrx_word' id='word_1_79' title='bbox 935 1081 1013 1113; x_wconf 90' lang='lat' dir='ltr'>Cum</span> <span class='ocrx_word' id='word_1_80' title='bbox 1040 1081 1152 1120; x_wconf 74' lang='lat' dir='ltr'>regina</span> 
     </span>
     <span class='ocr_line' id='line_1_39' title="bbox 982 1130 1249 1169; baseline -0.007 -8"><span class='ocrx_word' id='word_1_81' title='bbox 982 1130 1047 1162; x_wconf 86' lang='lat' dir='ltr'>Fer</span> <span class='ocrx_word' id='word_1_82' title='bbox 1073 1130 1115 1160; x_wconf 80' lang='lat' dir='ltr'>ad</span> <span class='ocrx_word' id='word_1_83' title='bbox 1144 1138 1249 1169; x_wconf 81' lang='lat' dir='ltr'>regem</span> 
     </span>
     <span class='ocr_line' id='line_1_40' title="bbox 935 1177 1113 1216; baseline 0 -7"><span class='ocrx_word' id='word_1_84' title='bbox 935 1177 982 1209; x_wconf 89' lang='lat' dir='ltr'>De</span> <span class='ocrx_word' id='word_1_85' title='bbox 1011 1179 1113 1216; x_wconf 83' lang='lat' dir='ltr'>ruina,</span> 
     </span>
     <span class='ocr_line' id='line_1_41' title="bbox 985 1226 1260 1268; baseline -0.007 -10"><span class='ocrx_word' id='word_1_86' title='bbox 985 1226 1092 1264; x_wconf 78' lang='lat' dir='ltr'>Pater,</span> <span class='ocrx_word' id='word_1_87' title='bbox 1120 1235 1260 1268; x_wconf 75' lang='lat' dir='ltr'>gregem,</span> 
     </span>
     <span class='ocr_line' id='line_1_42' title="bbox 1032 1275 1479 1315; baseline 0.002 -8"><span class='ocrx_word' id='word_1_88' title='bbox 1032 1276 1115 1308; x_wconf 83' lang='lat' dir='ltr'>Oves</span> <span class='ocrx_word' id='word_1_89' title='bbox 1151 1284 1309 1315; x_wconf 81' lang='lat' dir='ltr'>quaerens</span> <span class='ocrx_word' id='word_1_90' title='bbox 1337 1275 1479 1308; x_wconf 62' lang='lat' dir='ltr'>abditas</span> 
     </span>
    </p>
   </div>
   <div class='ocr_carea' id='block_1_14' title="bbox 208 1369 1482 1407">
    <p class='ocr_par' dir='ltr' id='par_1_17' title="bbox 208 1369 1482 1407">
     <span class='ocr_line' id='line_1_43' title="bbox 208 1369 1482 1407; baseline -0.002 -7"><span class='ocrx_word' id='word_1_91' title='bbox 208 1373 292 1400; x_wconf 83' lang='lat' dir='ltr'>Miss.</span> <span class='ocrx_word' id='word_1_92' title='bbox 321 1381 374 1398; x_wconf 86' lang='lat' dir='ltr'>ms.</span> <span class='ocrx_word' id='word_1_93' title='bbox 397 1371 426 1398; x_wconf 80' lang='lat' dir='ltr'>S.</span> <span class='ocrx_word' id='word_1_94' title='bbox 450 1372 596 1407; x_wconf 62' lang='lat' dir='ltr'>‚Stephani</span> <span class='ocrx_word' id='word_1_95' title='bbox 618 1371 850 1407; x_wconf 86' lang='lat' dir='ltr'>Herbipolensis</span> <span class='ocrx_word' id='word_1_96' title='bbox 873 1380 950 1399; x_wconf 83' lang='lat' dir='ltr'>saec.</span> <span class='ocrx_word' id='word_1_97' title='bbox 977 1369 1020 1399; x_wconf 81' lang='lat'>15.</span> <span class='ocrx_word' id='word_1_98' title='bbox 1045 1372 1114 1399; x_wconf 68' lang='lat' dir='ltr'>eorl.</span> <span class='ocrx_word' id='word_1_99' title='bbox 1142 1373 1335 1407; x_wconf 70' lang='lat' dir='ltr'>Hel-bipolen.</span> <span class='ocrx_word' id='word_1_100' title='bbox 1362 1372 1440 1399; x_wconf 85' lang='lat' dir='ltr'><strong>Mch.</strong></span> <span class='ocrx_word' id='word_1_101' title='bbox 1464 1371 1482 1397; x_wconf 91' lang='lat' dir='ltr'>f.</span> 
     </span>
    </p>
   </div>
   <div class='ocr_carea' id='block_1_15' title="bbox 132 1409 579 1443">
    <p class='ocr_par' dir='ltr' id='par_1_18' title="bbox 132 1409 579 1443">
     <span class='ocr_line' id='line_1_44' title="bbox 132 1409 579 1443; baseline -0.004 -5"><span class='ocrx_word' id='word_1_102' title='bbox 132 1409 197 1439; x_wconf 87' lang='lat'>177.</span> <span class='ocrx_word' id='word_1_103' title='bbox 218 1425 255 1430; x_wconf 92' lang='lat'>—</span> <span class='ocrx_word' id='word_1_104' title='bbox 277 1409 329 1443; x_wconf 82' lang='lat' dir='ltr'>2b,</span> <span class='ocrx_word' id='word_1_105' title='bbox 352 1409 371 1438; x_wconf 86' lang='lat'>4</span> <span class='ocrx_word' id='word_1_106' title='bbox 392 1411 427 1437; x_wconf 88' lang='lat' dir='ltr'>In</span> <span class='ocrx_word' id='word_1_107' title='bbox 450 1410 579 1437; x_wconf 75' lang='lat' dir='ltr'>fronitis.</span> 
     </span>
    </p>
   </div>
   <div class='ocr_carea' id='block_1_16' title="bbox 558 1522 1051 1556">
    <p class='ocr_par' dir='ltr' id='par_1_19' title="bbox 558 1522 1051 1556">
     <span class='ocr_line' id='line_1_45' title="bbox 558 1522 1051 1556; baseline 0.006 -3"><span class='ocrx_word' id='word_1_108' title='bbox 558 1522 618 1555; x_wconf 80' lang='lat'>187.</span> <span class='ocrx_word' id='word_1_109' title='bbox 656 1524 697 1555; x_wconf 85' lang='lat' dir='ltr'>De</span> <span class='ocrx_word' id='word_1_110' title='bbox 720 1525 829 1556; x_wconf 78' lang='lat' dir='ltr'>saneto</span> <span class='ocrx_word' id='word_1_111' title='bbox 852 1524 1051 1556; x_wconf 75' lang='lat' dir='ltr'>Bernhardo.</span> 
     </span>
    </p>
   </div>
   <div class='ocr_carea' id='block_1_17' title="bbox 134 1616 692 1757">
    <p class='ocr_par' dir='ltr' id='par_1_20' title="bbox 134 1616 692 1757">
     <span class='ocr_line' id='line_1_46' title="bbox 134 1616 621 1656; baseline -0.006 -5"><span class='ocrx_word' id='word_1_112' title='bbox 134 1619 195 1652; x_wconf 75' lang='lat' dir='ltr'>la.</span> <span class='ocrx_word' id='word_1_113' title='bbox 235 1616 332 1649; x_wconf 85' lang='lat' dir='ltr'><strong>Claro</strong></span> <span class='ocrx_word' id='word_1_114' title='bbox 362 1616 449 1648; x_wconf 82' lang='lat' dir='ltr'>vocis</span> <span class='ocrx_word' id='word_1_115' title='bbox 475 1616 621 1656; x_wconf 87' lang='lat' dir='ltr'>tripudio</span> 
     </span>
     <span class='ocr_line' id='line_1_47' title="bbox 230 1665 692 1705; baseline 0.002 -8"><span class='ocrx_word' id='word_1_116' title='bbox 230 1665 449 1698; x_wconf 85' lang='lat' dir='ltr'>Recensemus</span> <span class='ocrx_word' id='word_1_117' title='bbox 475 1673 546 1696; x_wconf 90' lang='lat' dir='ltr'>cum</span> <span class='ocrx_word' id='word_1_118' title='bbox 573 1665 692 1705; x_wconf 84' lang='lat' dir='ltr'>gaudio</span> 
     </span>
     <span class='ocr_line' id='line_1_48' title="bbox 277 1713 678 1757; baseline 0 -11"><span class='ocrx_word' id='word_1_119' title='bbox 277 1713 461 1746; x_wconf 83' lang='lat' dir='ltr'>Bernhardi</span> <span class='ocrx_word' id='word_1_120' title='bbox 487 1713 678 1757; x_wconf 75' lang='lat' dir='ltr'>sollemnia3</span> 
     </span>
    </p>
   </div>
   <div class='ocr_carea' id='block_1_18' title="bbox 128 1801 726 1943">
    <p class='ocr_par' dir='ltr' id='par_1_21' title="bbox 128 1801 726 1943">
     <span class='ocr_line' id='line_1_49' title="bbox 128 1801 726 1842; baseline -0.005 -5"><span class='ocrx_word' id='word_1_121' title='bbox 128 1805 189 1837; x_wconf 89' lang='lat' dir='ltr'>2a.</span> <span class='ocrx_word' id='word_1_122' title='bbox 230 1802 316 1836; x_wconf 89' lang='lat' dir='ltr'>Dum</span> <span class='ocrx_word' id='word_1_123' title='bbox 344 1805 430 1834; x_wconf 86' lang='lat' dir='ltr'>esset</span> <span class='ocrx_word' id='word_1_124' title='bbox 456 1801 564 1835; x_wconf 84' lang='lat' dir='ltr'>adhuc</span> <span class='ocrx_word' id='word_1_125' title='bbox 589 1802 726 1842; x_wconf 88' lang='lat' dir='ltr'>iuvenis,</span> 
     </span>
     <span class='ocr_line' id='line_1_50' title="bbox 225 1851 678 1891; baseline -0.002 -8"><span class='ocrx_word' id='word_1_126' title='bbox 225 1851 322 1884; x_wconf 83' lang='lat' dir='ltr'>Notis</span> <span class='ocrx_word' id='word_1_127' title='bbox 349 1851 457 1891; x_wconf 85' lang='lat' dir='ltr'>placet</span> <span class='ocrx_word' id='word_1_128' title='bbox 485 1854 517 1882; x_wconf 86' lang='lat' dir='ltr'>et</span> <span class='ocrx_word' id='word_1_129' title='bbox 542 1851 678 1883; x_wconf 84' lang='lat' dir='ltr'>advenis</span> 
     </span>
     <span class='ocr_line' id='line_1_51' title="bbox 276 1899 698 1943; baseline 0.002 -12"><span class='ocrx_word' id='word_1_130' title='bbox 276 1899 340 1932; x_wconf 86' lang='lat' dir='ltr'>Pro</span> <span class='ocrx_word' id='word_1_131' title='bbox 368 1909 492 1932; x_wconf 87' lang='lat' dir='ltr'>morum</span> <span class='ocrx_word' id='word_1_132' title='bbox 517 1901 698 1943; x_wconf 75' lang='lat' dir='ltr'>modestia3</span> 
     </span>
    </p>
   </div>
   <div class='ocr_carea' id='block_1_19' title="bbox 133 1988 778 2127">
    <p class='ocr_par' dir='ltr' id='par_1_22' title="bbox 133 1988 778 2127">
     <span class='ocr_line' id='line_1_52' title="bbox 133 1988 778 2030; baseline -0.002 -8"><span class='ocrx_word' id='word_1_133' title='bbox 133 1992 153 2023; x_wconf 79' lang='lat'><strong>3</strong></span> <span class='ocrx_word' id='word_1_134' title='bbox 167 1999 197 2025; x_wconf 79' lang='lat' dir='ltr'>a.</span> <span class='ocrx_word' id='word_1_135' title='bbox 234 1989 299 2022; x_wconf 88' lang='lat' dir='ltr'>Pro</span> <span class='ocrx_word' id='word_1_136' title='bbox 311 1989 374 2020; x_wconf 80' lang='lat' dir='ltr'>hac</span> <span class='ocrx_word' id='word_1_137' title='bbox 387 1988 514 2028; x_wconf 79' lang='lat' dir='ltr'>sprevit</span> <span class='ocrx_word' id='word_1_138' title='bbox 527 1988 640 2021; x_wconf 80' lang='lat' dir='ltr'>mundi</span> <span class='ocrx_word' id='word_1_139' title='bbox 655 1988 778 2030; x_wconf 83' lang='lat' dir='ltr'>florem,</span> 
     </span>
     <span class='ocr_line' id='line_1_53' title="bbox 223 2037 655 2079; baseline -0.002 -8"><span class='ocrx_word' id='word_1_140' title='bbox 223 2038 286 2071; x_wconf 91' lang='lat' dir='ltr'>Dei</span> <span class='ocrx_word' id='word_1_141' title='bbox 314 2037 417 2070; x_wconf 84' lang='lat' dir='ltr'>crevit</span> <span class='ocrx_word' id='word_1_142' title='bbox 442 2037 475 2069; x_wconf 89' lang='lat' dir='ltr'>in</span> <span class='ocrx_word' id='word_1_143' title='bbox 502 2046 655 2079; x_wconf 85' lang='lat' dir='ltr'>amorem,</span> 
     </span>
     <span class='ocr_line' id='line_1_54' title="bbox 279 2086 667 2127; baseline 0.003 -8"><span class='ocrx_word' id='word_1_144' title='bbox 279 2087 322 2120; x_wconf 88' lang='lat' dir='ltr'>Ut</span> <span class='ocrx_word' id='word_1_145' title='bbox 350 2086 462 2118; x_wconf 83' lang='lat' dir='ltr'>dicent</span> <span class='ocrx_word' id='word_1_146' title='bbox 487 2086 667 2127; x_wconf 77' lang='lat' dir='ltr'>sequentia.</span> 
     </span>
    </p>
   </div>
   <div class='ocr_carea' id='block_1_20' title="bbox 131 2176 671 2316">
    <p class='ocr_par' dir='ltr' id='par_1_23' title="bbox 131 2176 671 2316">
     <span class='ocr_line' id='line_1_55' title="bbox 131 2176 665 2217; baseline -0.009 -6"><span class='ocrx_word' id='word_1_147' title='bbox 131 2179 193 2211; x_wconf 85' lang='lat' dir='ltr'>4a.</span> <span class='ocrx_word' id='word_1_148' title='bbox 232 2177 403 2217; x_wconf 85' lang='lat' dir='ltr'>Ingressus</span> <span class='ocrx_word' id='word_1_149' title='bbox 432 2176 665 2208; x_wconf 83' lang='lat' dir='ltr'>monasterium</span> 
     </span>
     <span class='ocr_line' id='line_1_56' title="bbox 226 2224 671 2264; baseline -0.004 -6"><span class='ocrx_word' id='word_1_150' title='bbox 226 2224 447 2259; x_wconf 83' lang='lat' dir='ltr'>Laudandum</span> <span class='ocrx_word' id='word_1_151' title='bbox 474 2224 671 2264; x_wconf 88' lang='lat' dir='ltr'>tyrocinium</span> 
     </span>
     <span class='ocr_line' id='line_1_57' title="bbox 276 2273 588 2316; baseline 0 -9"><span class='ocrx_word' id='word_1_152' title='bbox 276 2274 355 2316; x_wconf 80' lang='lat' dir='ltr'>Egit</span> <span class='ocrx_word' id='word_1_153' title='bbox 380 2275 414 2307; x_wconf 90' lang='lat' dir='ltr'>in</span> <span class='ocrx_word' id='word_1_154' title='bbox 438 2273 588 2307; x_wconf 81' lang='lat' dir='ltr'>eeclesia.</span> 
     </span>
    </p>
   </div>
   <div class='ocr_carea' id='block_1_21' title="bbox 129 2362 780 2501">
    <p class='ocr_par' dir='ltr' id='par_1_24' title="bbox 129 2362 780 2501">
     <span class='ocr_line' id='line_1_58' title="bbox 129 2362 780 2403; baseline -0.003 -6"><span class='ocrx_word' id='word_1_155' title='bbox 129 2365 189 2398; x_wconf 74' lang='lat' dir='ltr'>Sa.</span> <span class='ocrx_word' id='word_1_156' title='bbox 228 2363 360 2398; x_wconf 78' lang='lat' dir='ltr'><strong>Claram</strong></span> <span class='ocrx_word' id='word_1_157' title='bbox 382 2362 508 2396; x_wconf 79' lang='lat' dir='ltr'><strong>Vallem</strong></span> <span class='ocrx_word' id='word_1_158' title='bbox 531 2366 607 2403; x_wconf 84' lang='lat' dir='ltr'>post</span> <span class='ocrx_word' id='word_1_159' title='bbox 626 2362 780 2403; x_wconf 77' lang='lat' dir='ltr'>mittitur,</span> 
     </span>
     <span class='ocr_line' id='line_1_59' title="bbox 227 2411 654 2453; baseline -0.002 -9"><span class='ocrx_word' id='word_1_160' title='bbox 227 2412 362 2445; x_wconf 85' lang='lat' dir='ltr'>Patrum</span> <span class='ocrx_word' id='word_1_161' title='bbox 389 2415 485 2453; x_wconf 87' lang='lat' dir='ltr'>pater</span> <span class='ocrx_word' id='word_1_162' title='bbox 511 2411 654 2444; x_wconf 84' lang='lat' dir='ltr'>efficitur</span> 
     </span>
     <span class='ocr_line' id='line_1_60' title="bbox 282 2461 648 2501; baseline -0.005 -7"><span class='ocrx_word' id='word_1_163' title='bbox 282 2461 462 2501; x_wconf 85' lang='lat' dir='ltr'>Utriusque</span> <span class='ocrx_word' id='word_1_164' title='bbox 489 2461 648 2494; x_wconf 86' lang='lat' dir='ltr'>custodia.</span> 
     </span>
    </p>
   </div>
   <div class='ocr_carea' id='block_1_22' title="bbox 842 1617 1394 1750">
    <p class='ocr_par' dir='ltr' id='par_1_25' title="bbox 842 1617 1394 1750">
     <span class='ocr_line' id='line_1_61' title="bbox 842 1617 1394 1658; baseline -0.002 -8"><span class='ocrx_word' id='word_1_165' title='bbox 842 1617 904 1650; x_wconf 81' lang='lat' dir='ltr'>lb.</span> <span class='ocrx_word' id='word_1_166' title='bbox 939 1618 1003 1649; x_wconf 88' lang='lat' dir='ltr'>Hic</span> <span class='ocrx_word' id='word_1_167' title='bbox 1029 1621 1119 1650; x_wconf 85' lang='lat' dir='ltr'>ortus</span> <span class='ocrx_word' id='word_1_168' title='bbox 1146 1618 1177 1649; x_wconf 88' lang='lat' dir='ltr'>in</span> <span class='ocrx_word' id='word_1_169' title='bbox 1206 1618 1394 1658; x_wconf 81' lang='lat' dir='ltr'>Burgundia</span> 
     </span>
     <span class='ocr_line' id='line_1_62' title="bbox 938 1666 1299 1707; baseline 0 -9"><span class='ocrx_word' id='word_1_170' title='bbox 938 1666 988 1698; x_wconf 89' lang='lat' dir='ltr'>De</span> <span class='ocrx_word' id='word_1_171' title='bbox 1016 1667 1116 1699; x_wconf 85' lang='lat' dir='ltr'>nobili</span> <span class='ocrx_word' id='word_1_172' title='bbox 1145 1667 1299 1707; x_wconf 77' lang='lat' dir='ltr'>prosapia</span> 
     </span>
     <span class='ocr_line' id='line_1_63' title="bbox 992 1715 1291 1750; baseline 0.007 -2"><span class='ocrx_word' id='word_1_173' title='bbox 992 1715 1118 1748; x_wconf 77' lang='lat' dir='ltr'>Claruit</span> <span class='ocrx_word' id='word_1_174' title='bbox 1144 1716 1291 1750; x_wconf 84' lang='lat' dir='ltr'>scientia.</span> 
     </span>
    </p>
   </div>
   <div class='ocr_carea' id='block_1_23' title="bbox 839 1804 1445 1942">
    <p class='ocr_par' dir='ltr' id='par_1_26' title="bbox 839 1804 1445 1942">
     <span class='ocr_line' id='line_1_64' title="bbox 839 1804 1438 1847; baseline -0.003 -9"><span class='ocrx_word' id='word_1_175' title='bbox 839 1804 916 1846; x_wconf 70' lang='grc' dir='ltr'>21).Ι</span> <span class='ocrx_word' id='word_1_176' title='bbox 943 1805 1069 1844; x_wconf 83' lang='lat' dir='ltr'>Stupet,</span> <span class='ocrx_word' id='word_1_177' title='bbox 1098 1804 1219 1847; x_wconf 81' lang='lat' dir='ltr'>tremit,</span> <span class='ocrx_word' id='word_1_178' title='bbox 1247 1804 1438 1841; x_wconf 80' lang='lat' dir='ltr'>admiratur,</span> 
     </span>
     <span class='ocr_line' id='line_1_65' title="bbox 939 1854 1445 1894; baseline 0 -9"><span class='ocrx_word' id='word_1_179' title='bbox 939 1854 1097 1893; x_wconf 76' lang='lat' dir='ltr'>Quantam</span> <span class='ocrx_word' id='word_1_180' title='bbox 1125 1862 1263 1893; x_wconf 85' lang='lat' dir='ltr'>poenam</span> <span class='ocrx_word' id='word_1_181' title='bbox 1290 1854 1445 1894; x_wconf 72' lang='lat' dir='ltr'>patiatur,</span> 
     </span>
     <span class='ocr_line' id='line_1_66' title="bbox 986 1902 1376 1942; baseline 0.005 -9"><span class='ocrx_word' id='word_1_182' title='bbox 986 1903 1049 1942; x_wconf 70' lang='lat' dir='ltr'>Qui</span> <span class='ocrx_word' id='word_1_183' title='bbox 1076 1902 1187 1934; x_wconf 82' lang='lat' dir='ltr'>suffert</span> <span class='ocrx_word' id='word_1_184' title='bbox 1214 1902 1376 1935; x_wconf 73' lang='lat' dir='ltr'>incendia.</span> 
     </span>
    </p>
   </div>
   <div class='ocr_carea' id='block_1_24' title="bbox 840 1991 1484 2122">
    <p class='ocr_par' dir='ltr' id='par_1_27' title="bbox 840 1991 1484 2122">
     <span class='ocr_line' id='line_1_67' title="bbox 840 1991 1319 2030; baseline -0.01 -4"><span class='ocrx_word' id='word_1_185' title='bbox 840 1991 905 2026; x_wconf 74' lang='lat'>3¹0.</span> <span class='ocrx_word' id='word_1_186' title='bbox 941 1991 1135 2023; x_wconf 75' lang='lat' dir='ltr'>Cistereium</span> <span class='ocrx_word' id='word_1_187' title='bbox 1162 1991 1319 2030; x_wconf 75' lang='lat' dir='ltr'>expetivit</span> 
     </span>
     <span class='ocr_line' id='line_1_68' title="bbox 940 2039 1484 2079; baseline -0.002 -7"><span class='ocrx_word' id='word_1_188' title='bbox 940 2039 1069 2072; x_wconf 88' lang='lat' dir='ltr'>Ducens</span> <span class='ocrx_word' id='word_1_189' title='bbox 1085 2048 1205 2077; x_wconf 87' lang='lat' dir='ltr'>secum,</span> <span class='ocrx_word' id='word_1_190' title='bbox 1222 2048 1302 2078; x_wconf 86' lang='lat' dir='ltr'>quos</span> <span class='ocrx_word' id='word_1_191' title='bbox 1314 2039 1484 2079; x_wconf 76' lang='lat' dir='ltr'>quaesivit,</span> 
     </span>
     <span class='ocr_line' id='line_1_69' title="bbox 990 2087 1335 2122; baseline 0 -3"><span class='ocrx_word' id='word_1_192' title='bbox 990 2090 1053 2122; x_wconf 87' lang='lat' dir='ltr'>Per</span> <span class='ocrx_word' id='word_1_193' title='bbox 1080 2092 1156 2120; x_wconf 82' lang='lat' dir='ltr'>nota</span> <span class='ocrx_word' id='word_1_194' title='bbox 1184 2087 1335 2120; x_wconf 81' lang='lat' dir='ltr'>confinia.</span> 
     </span>
    </p>
   </div>
   <div class='ocr_carea' id='block_1_25' title="bbox 840 2176 1353 2314">
    <p class='ocr_par' dir='ltr' id='par_1_28' title="bbox 840 2176 1353 2314">
     <span class='ocr_line' id='line_1_70' title="bbox 840 2176 1325 2214; baseline -0.002 -5"><span class='ocrx_word' id='word_1_195' title='bbox 840 2176 903 2210; x_wconf 88' lang='lat' dir='ltr'>4b.</span> <span class='ocrx_word' id='word_1_196' title='bbox 945 2176 1095 2209; x_wconf 86' lang='lat' dir='ltr'>Studium</span> <span class='ocrx_word' id='word_1_197' title='bbox 1123 2176 1191 2206; x_wconf 85' lang='lat' dir='ltr'>eius</span> <span class='ocrx_word' id='word_1_198' title='bbox 1219 2176 1325 2214; x_wconf 78' lang='lat' dir='ltr'>lectio,</span> 
     </span>
     <span class='ocr_line' id='line_1_71' title="bbox 939 2224 1334 2266; baseline -0.003 -9"><span class='ocrx_word' id='word_1_199' title='bbox 939 2226 1040 2266; x_wconf 81' lang='lat' dir='ltr'>Quam</span> <span class='ocrx_word' id='word_1_200' title='bbox 1069 2224 1201 2264; x_wconf 82' lang='lat' dir='ltr'>regebat</span> <span class='ocrx_word' id='word_1_201' title='bbox 1229 2225 1334 2256; x_wconf 85' lang='lat' dir='ltr'>oratio</span> 
     </span>
     <span class='ocr_line' id='line_1_72' title="bbox 988 2273 1353 2314; baseline 0.003 -9"><span class='ocrx_word' id='word_1_202' title='bbox 988 2273 1175 2313; x_wconf 81' lang='lat' dir='ltr'>Crebraque</span> <span class='ocrx_word' id='word_1_203' title='bbox 1201 2274 1353 2314; x_wconf 81' lang='lat' dir='ltr'>suspiria.</span> 
     </span>
    </p>
   </div>
   <div class='ocr_carea' id='block_1_26' title="bbox 845 2360 1488 2502">
    <p class='ocr_par' dir='ltr' id='par_1_29' title="bbox 845 2360 1488 2502">
     <span class='ocr_line' id='line_1_73' title="bbox 845 2360 1464 2403; baseline -0.003 -7"><span class='ocrx_word' id='word_1_204' title='bbox 845 2361 908 2396; x_wconf 85' lang='lat' dir='ltr'>5b.</span> <span class='ocrx_word' id='word_1_205' title='bbox 945 2361 1018 2393; x_wconf 83' lang='lat' dir='ltr'>Hac</span> <span class='ocrx_word' id='word_1_206' title='bbox 1043 2361 1076 2392; x_wconf 86' lang='lat' dir='ltr'>iu</span> <span class='ocrx_word' id='word_1_207' title='bbox 1104 2360 1191 2393; x_wconf 83' lang='lat' dir='ltr'><strong>valle</strong></span> <span class='ocrx_word' id='word_1_208' title='bbox 1217 2362 1304 2402; x_wconf 83' lang='lat' dir='ltr'>quod</span> <span class='ocrx_word' id='word_1_209' title='bbox 1331 2361 1464 2403; x_wconf 80' lang='lat' dir='ltr'>dixerit,</span> 
     </span>
     <span class='ocr_line' id='line_1_74' title="bbox 941 2409 1488 2455; baseline 0.005 -13"><span class='ocrx_word' id='word_1_210' title='bbox 941 2410 1041 2450; x_wconf 84' lang='lat' dir='ltr'>Quam</span> <span class='ocrx_word' id='word_1_211' title='bbox 1079 2409 1201 2442; x_wconf 83' lang='lat' dir='ltr'>clarum</span> <span class='ocrx_word' id='word_1_212' title='bbox 1229 2420 1310 2450; x_wconf 88' lang='lat' dir='ltr'>opus</span> <span class='ocrx_word' id='word_1_213' title='bbox 1337 2413 1488 2455; x_wconf 85' lang='lat' dir='ltr'>gesserit,</span> 
     </span>
     <span class='ocr_line' id='line_1_75' title="bbox 988 2458 1363 2502; baseline 0.005 -10"><span class='ocrx_word' id='word_1_214' title='bbox 988 2458 1105 2492; x_wconf 88' lang='lat' dir='ltr'>Mundi</span> <span class='ocrx_word' id='word_1_215' title='bbox 1129 2459 1219 2492; x_wconf 88' lang='lat' dir='ltr'>novit</span> <span class='ocrx_word' id='word_1_216' title='bbox 1246 2460 1363 2502; x_wconf 84' lang='lat' dir='ltr'>patria.</span> 
     </span>
    </p>
   </div>
  </div>
 </body>
</html>
