1654 2756
737 193 784 198 -.
834 173 905 209 253
958 197 1000 201 -

221 268 282 303 63.
315 268 385 308 Quo
412 271 525 304 audito
552 271 792 304 excandescens

315 316 508 352 Praefectus
534 325 566 353 et
593 320 812 353 exardescens

369 367 463 400 Hanc
489 369 624 401 reclusit
650 378 791 404 carcere.

220 472 280 506 7a.
312 472 456 506 Tollitur
480 475 513 507 in
540 477 628 515 aere,

317 521 446 563 Corpus
473 524 543 556 eins
569 527 702 555 tenerae

372 571 478 612 Virgis
506 573 680 605 laceratur.

214 678 280 711 83.
311 677 398 710 Hinc
427 687 558 711 carcere
586 678 761 719 clauditur,

314 726 378 758 Per
404 736 498 767 quam
527 728 664 761 daemon
694 728 822 770 teritur,

359 775 469 808 Draco
495 777 648 809 laniatur.

213 882 274 915 9a.
311 883 389 915 Post
416 887 547 923 patrata
575 893 657 923 quae
683 887 809 916 secreta

310 932 421 963 Vanos
448 933 576 972 spernit
602 932 682 964 haec
706 933 808 965 atleta

358 980 499 1013 Prorsus
527 981 605 1013 deos
632 981 751 1015 colere.

308 1086 466 1119 Columba
494 1087 534 1119 de
561 1087 651 1118 caelo
676 1086 753 1119 data

307 1135 394 1167 Mira
420 1135 492 1167 luce
522 1136 687 1167 illustrata

355 1182 495 1226 „Veni“,
525 1184 643 1216 clamat
673 1182 805 1225 „filia“;

185 1087 273 1121 103.

179 1289 265 1323 113.
298 1288 490 1320 Cervicibus
517 1288 571 1330 qui
599 1289 740 1320 truncati

300 1336 383 1369 Sunt
409 1341 440 1368 et
469 1338 559 1370 caelo
586 1338 733 1369 coronati

348 1386 463 1418 Multis
491 1395 562 1418 cum
590 1385 770 1419 sodalibus.

178 1494 263 1527 123.
295 1493 368 1525 Vox
395 1492 564 1525 columbae
591 1492 639 1523 sic
665 1493 817 1526 auditur:

303 1541 441 1584 „Votum
468 1545 557 1573 tuum
586 1541 770 1576 exauditur.

350 1589 477 1630 Sponsa
504 1599 576 1622 mea
603 1590 754 1623 decora.“

925 274 988 308 61).
1020 275 1084 307 Die
1109 273 1243 307 tandem
1268 273 1496 312 subsequente,

1021 324 1105 356 Dum
1133 322 1257 364 sprevit
1285 331 1355 353 cum
1383 319 1526 352 furiente

1069 371 1216 405 Idolatra
1241 371 1358 409 colere,

923 477 985 511 7b.
1016 480 1084 519 Qua
1113 478 1267 509 credente
1293 477 1430 509 firmiter

1017 527 1060 559 Et
1087 529 1200 559 orante
1228 524 1357 557 fortiter

1068 574 1180 607 Poena
1205 574 1354 606 iteratur.

921 681 982 713 81).
1016 681 1087 714 Lux
1114 679 1251 721 refulget
1281 681 1410 717 clarior,

1016 731 1053 762 In
1080 739 1142 770 qua
1170 729 1259 769 virgo
1286 729 1400 768 purior

1064 781 1093 810 A
1122 777 1251 809 Christo
1278 782 1421 810 vocatur.

920 884 982 918 91).
1010 886 1098 926 Ignis
1126 883 1215 916 fasce
1241 884 1417 916 laceratam

1017 934 1135 966 Tortor
1161 932 1314 964 membris
1342 932 1526 972 colligatam

1057 982 1151 1015 Iubet
1178 981 1318 1021 lymphis
1346 989 1503 1020 mergere.

888 1087 976 1120 10b.
1009 1089 1116 1129 Caput
1141 1096 1281 1127 sponsae
1308 1087 1392 1126 pede
1411 1088 1528 1126 tangit,

1008 1136 1163 1176 Ligamen
1191 1144 1284 1166 omne
1313 1134 1477 1175 defrangit

1058 1183 1203 1216 Credunt
1230 1184 1371 1223 quinque
1399 1183 1499 1215 milia.

883 1290 925 1322 11
940 1289 972 1321 b.
1006 1289 1187 1322 Salvatoris
1215 1289 1296 1320 haec
1322 1288 1442 1320 ancilla

1003 1337 1209 1370 Decollanda
1234 1338 1310 1377 iam„
1338 1346 1388 1369 en.
1418 1336 1473 1367 illa

1054 1387 1132 1420 Orat
1159 1395 1220 1426 pro
1246 1386 1461 1426 supplicibus.

882 1485 924 1517 12
937 1494 967 1519 a.
1001 1484 1108 1527 Felix,
1137 1492 1218 1524 quae
1245 1483 1293 1515 sic
1320 1482 1505 1521 decollaris‚

1001 1533 1096 1575 Illuc,
1124 1541 1187 1572 quo
1213 1541 1299 1564 nunc
1325 1531 1503 1572 coronaris,

1052 1581 1206 1614 Transire
1233 1590 1291 1613 nos
1319 1589 1428 1613 exora.

252 1687 337 1715 Miss.
370 1695 424 1714 ms.
455 1687 604 1723 Teplense
633 1688 706 1714 anni
740 1686 823 1716 1460.
856 1689 927 1716 Cod.
960 1689 1084 1725 Teplen.
1120 1686 1184 1716 172.
1216 1689 1249 1715 A.
1282 1702 1319 1705 —
1351 1688 1434 1714 Miss.
1470 1696 1522 1713 ms.

171 1726 199 1754 S.
224 1725 371 1764 Stephani
393 1726 657 1763 wirceburgensis
680 1735 757 1755 saec.
783 1726 826 1756 15.
850 1727 920 1756 Cod.
945 1729 1173 1765 wirceburg-en.
1209 1727 1287 1754 Mch.
1310 1728 1328 1754 f.
1354 1725 1417 1753 177.
1438 1726 1470 1752 B.
1488 1742 1524 1745 —

170 1765 224 1802 7³,
245 1764 264 1794 3
284 1766 422 1802 Virginis
444 1767 478 1792 A.

590 1862 660 1894 282.
702 1863 745 1894 De
768 1863 881 1895 saneta
903 1863 1100 1904 margareta.

195 1956 255 1988 la.
288 1953 498 1995 Margaretae
524 1955 690 1996 pretiosae

294 2001 503 2045 virginisque
529 2003 692 2046 gloriosae

342 2052 488 2085 Colimus
516 2053 721 2094 martyrium.

195 2162 258 2195 2a.
292 2159 356 2191 Hic
381 2159 540 2200 profanus
567 2163 599 2192 et
622 2160 752 2201 iniquus

291 2210 368 2242 Iesu
392 2208 514 2242 Christi
541 2209 692 2242 inimicus

342 2258 507 2300 Virginem
535 2258 746 2300 adloquitur:

193 2367 213 2400 3
226 2375 257 2398 3.
289 2363 394 2408 Virgo
412 2370 526 2400 sancta
546 2367 602 2400 dat
621 2376 813 2407 responsum

289 2414 411 2448 Dicens
423 2416 588 2450 Christum
605 2425 697 2448 suum
714 2425 812 2456 spon-

624 2474 696 2496 sum

340 2511 386 2544 Et
411 2513 576 2546 caelorum
602 2511 810 2547 Dominum.'

902 1955 966 1990 lb.
997 1957 1201 1998 Margareta‚
1230 1955 1355 1988 Christi
1383 1954 1487 1993 virgo,

997 2005 1184 2047 Flagellata
1209 2003 1306 2036 modo
1332 2003 1414 2035 miro

1048 2055 1125 2086 Fuit
1153 2062 1213 2093 per
1239 2052 1410 2093 Olybrium

900 2161 962 2196 2b.
1000 2161 1048 2203 „0
1076 2160 1198 2201 puella,
1226 2160 1305 2200 quid
1332 2159 1474 2194 vocaris,

999 2211 1088 2250 Quae
1116 2209 1234 2241 decore
1261 2208 1309 2240 sic
1336 2208 1463 2249 ditaris,

1051 2259 1095 2291 Et
1121 2268 1139 2291 a
1164 2261 1196 2289 te
1223 2257 1295 2298 quis
1323 2256 1489 2289 colitur·.²“

903 2366 966 2402 3b.
1000 2366 1119 2399 Statim
1146 2364 1203 2396 ille
1228 2368 1265 2396 ut
1291 2364 1342 2396 vir
1368 2373 1470 2396 vanus

999 2415 1083 2447 Prae
1110 2422 1220 2447 amore
1245 2413 1283 2446 fit
1308 2413 1440 2446 insanus

1050 2464 1220 2504 Expetens
1247 2462 1443 2504 coniugium.
