1654 2756
662 126 923 162 —181—

123 226 185 260 2a.
222 224 329 266 Super
346 224 423 258 Sion
451 230 598 258 sanctum
625 230 767 259 montem
828 226 891 261 ab.
927 227 982 260 Ad
1009 230 1144 260 aeterna
1170 228 1233 260 iam
1259 226 1407 260 ascendit

222 273 365 307 Deitatis
392 277 526 316 gustans
552 272 675 307 fontem
925 275 1050 316 Enoch,
1077 275 1186 309 David
1212 275 1433 317 apprehendit

267 323 389 364 Implet
417 323 635 364 desiderinm;
973 324 1114 357 Honoris
1141 323 1317 366 fastigium.

123 413 185 446 3a.
225 411 289 445 Hic
315 412 478 445 convertit
502 415 693 453 peccatores
829 410 892 444 3b.
928 411 965 444 In
992 411 1104 444 radice
1130 412 1277 444 caritatis

220 460 271 494 Ab
299 469 422 500 errore,
447 464 578 493 sanctos
604 468 711 492 mores
923 459 1012 492 Onus
1038 460 1129 492 laxat
1154 462 1358 502 paupertatis

270 509 374 542 Docet
402 509 532 542 salvans
559 509 695 541 animas,
974 508 1136 549 spargens
1164 510 1377 551 elemosynae.

123 595 183 626 4a.
221 592 294 625 Non
322 594 372 624 est
399 591 493 624 dolor
518 599 622 630 neque
647 590 765 631 luctus,
827 589 891 622 4b.
928 589 988 628 Qui
1015 599 1086 622 eum
1115 591 1245 623 Christo
1271 592 1439 634 gloriatur,

221 640 287 674 Ubi
315 640 428 672 dulces
454 639 547 671 metit
571 637 697 671 fructus
922 639 1058 679 Angelis
1085 640 1265 672 associatur

271 689 442 721 Laborans
468 687 629 729 agricola3
973 686 1141 720 Gloriosus
1165 688 1281 721 incola.

120 775 183 807 5³.
219 773 290 806 Rex
318 771 467 813 benigne,
495 772 570 804 Iesu
597 770 690 809 bone,
828 770 891 804 5b.
927 769 971 803 Ut
999 779 1158 811 supernae
1185 771 1325 803 civitatis

220 821 288 853 Nos
316 820 470 853 Bothuidi
498 819 551 853 fac
579 828 717 851 coronae
877 854 879 856 ,
924 818 1134 851 Exsultemus
1161 828 1232 851 cum
1259 819 1362 852 beatis

269 870 358 902 Fieri
384 869 574 910 participes,
976 868 1137 899 Perennes
1165 868 1352 909 municipes,

198 958 283 985 Miss.
315 965 368 984 ms.
397 956 567 992 Upsalense
600 963 677 982 saec.
708 952 753 981 15.
783 953 855 981 Cod.
883 954 1024 987 Upsalen.
1048 954 1070 980 C
1099 953 1165 983 420.
1188 956 1221 982 A.
1246 971 1280 975 --
1301 956 1385 983 Miss.
1415 964 1468 982 ms,

121 997 268 1025 Scarense
289 1004 366 1023 saec.
392 994 436 1022 15.
458 995 530 1022 Cod.
545 993 681 1029 Upsalen
696 993 728 1020 C.
750 991 818 1020 427.
834 993 867 1020 B.
888 1007 926 1012 —
942 993 1026 1019 Miss.
1041 994 1221 1029 Stregnense
1244 996 1313 1030 imp.
1329 995 1467 1022 Lubecae

125 1033 207 1063 1487.
241 1036 273 1063 C.
302 1049 339 1054 -—
371 1032 431 1065 4³,
464 1033 482 1060 2
514 1034 600 1060 metis
627 1032 658 1058 C.
686 1046 723 1050 —
750 1032 907 1058 Verfasser
938 1030 990 1058 der
1018 1032 1153 1067 Sequenz
1185 1032 1282 1060 diii-ste
1305 1034 1391 1067 jener
1416 1033 1466 1060 des

120 1073 436 1103 Botuidus-Officiums
449 1073 521 1105 sein,
538 1069 668 1098 niimlich
682 1071 720 1097 Bi
732 1078 862 1106 rgerus
876 1070 901 1098 G
911 1071 1068 1105 regorii,
1082 1071 1219 1105 Archiep.
1234 1072 1420 1108 Upsalensis.
1431 1088 1467 1091 -—

122 1113 180 1142 Cir.
202 1113 375 1149 Klemming
394 1112 417 1145 1,
439 1121 467 1147 p.
490 1109 527 1138 59
549 1119 592 1146 sq.

525 1199 584 1231 193.
618 1199 660 1230 De
683 1205 708 1228 s.
732 1195 852 1228 Brictio
875 1197 1057 1228 Turonensi.

123 1287 182 1320 la.
221 1284 326 1326 Salus,
354 1284 458 1316 honor
483 1287 514 1314 et
540 1282 647 1322 gloria
830 1278 890 1313 lb.
923 1280 984 1320 Qui
1010 1285 1174 1320 pastorem
1201 1284 1364 1324 egregium

219 1333 311 1374 Regi,
339 1332 428 1365 cuius
455 1330 630 1372 praeconia
926 1328 1023 1361 Suum
1052 1332 1180 1362 ornavit
1208 1331 1366 1364 Brictium

267 1381 463 1414 Recitantur
487 1379 604 1420 hodie;
973 1378 1141 1411 Thesauro
1168 1381 1374 1419 prudentiae.

119 1468 180 1500 2³.
217 1466 337 1498 Servus
364 1466 426 1497 iste
453 1463 568 1496 summi
595 1462 698 1503 patris
824 1458 888 1494 2b.
926 1460 1164 1495 Thesaurizans
1191 1464 1238 1495 sic
1265 1464 1299 1495 in
1325 1465 1425 1497 caelis

218 1515 303 1548 Oves
329 1518 462 1546 sanctae
488 1512 565 1545 Sion
592 1511 705 1543 matris
922 1509 1041 1542 Servus
1069 1511 1212 1550 prudens
1240 1517 1271 1544 et
1298 1512 1404 1546 fidelis

266 1563 470 1596 Conservare
496 1560 630 1601 studuit⁷
970 1559 1111 1591 Inveniri
1139 1561 1266 1595 meruit.

121 1650 181 1682 3a.
216 1646 281 1680 Sed
298 1647 458 1688 insignem
476 1645 561 1677 hunc
575 1642 763 1675 thesaurum
825 1640 884 1674 3b.
922 1641 1044 1674 Contra
1070 1648 1216 1676 sanctum
1243 1646 1419 1678 suscitatur

216 1697 255 1730 In
281 1694 414 1728 fornace
440 1697 604 1734 tamquam
633 1700 747 1724 aurum
920 1690 964 1723 Et
990 1692 1022 1723 in
1050 1701 1121 1724 eum
1149 1692 1369 1726 debacchatur

267 1744 313 1777 Ut
339 1743 495 1784 probaret
524 1742 639 1782 deitas,
974 1739 1127 1774 Crudelis
1153 1742 1350 1776 adversitas.

116 1832 178 1863 4a.
216 1828 297 1861 Nam
317 1827 476 1869 quaedam
495 1828 606 1858 natum
622 1824 761 1866 peperit,
823 1829 845 1860 4
858 1826 887 1859 b.
926 1825 989 1858 Sed
1018 1834 1175 1860 excusans
1194 1836 1323 1860 servum
1344 1827 1465 1860 Christi

215 1877 314 1911 Cuius
340 1876 426 1909 hunc
449 1879 577 1916 patrem
604 1873 721 1906 asserit
930 1874 1024 1919 „Non
1052 1884 1113 1916 me,
1142 1876 1255 1915 Bricfi,
1283 1875 1443 1916 genuisti“

264 1925 463 1958 Turonensis
488 1923 642 1966 populus;
971 1925 1056 1957 Puer
1082 1925 1185 1965 inquit
1213 1926 1378 1966 parvulus.

119 2015 178 2046 5a.
215 2010 323 2043 Vestis
350 2019 429 2042 sana
454 2008 569 2049 prunis
595 2007 672 2039 latis
823 2009 887 2043 5b.
921 2009 1040 2041 Verum
1064 2008 1156 2049 signo
1183 2008 1287 2041 nescit
1309 2008 1400 2048 tangi

214 2062 431 2099 Incorruptae
456 2057 619 2090 castitatis
920 2058 1170 2099 Argumentum,
1197 2057 1307 2097 nequit
1335 2055 1442 2097 frangi

262 2108 341 2141 Fuit
365 2105 537 2146 exhibitio,
970 2106 1088 2139 Cordis
1114 2105 1290 2139 induratio.

117 2195 179 2229 6a.
216 2195 336 2226 Pastor
361 2191 453 2224 exsul
480 2191 617 2224 Romam
643 2188 761 2231 pergit,
823 2191 887 2224 6b.
928 2191 964 2222 In
993 2189 1183 2230 Martinum‚
1211 2189 1273 2221 Dei
1300 2189 1416 2228 virum,

215 2242 265 2276 Ibi
293 2239 401 2285 deflet,
430 2239 476 2273 ibi
502 2240 601 2281 tergit
922 2240 1022 2279 Quem
1049 2241 1209 2271 amentem
1238 2241 1270 2269 et
1297 2237 1437 2271 delirum

263 2291 388 2331 Scelus,
415 2290 503 2331 quod
531 2289 737 2321 commiserat
973 2289 1100 2322 Vocare
1126 2291 1404 2329 praesumpserat.

118 2377 176 2411 7³.
204 2375 352 2409 Tandem
378 2375 471 2416 pacis
497 2373 539 2408 ab
565 2377 700 2406 auctore
824 2373 888 2408 7b.
924 2374 1050 2407 Auctor
1075 2371 1168 2413 pacis
1194 2371 1363 2410 adoratur,

211 2425 379 2458 Revocato
403 2422 593 2457 confessore
919 2422 1010 2456 Urbs
1036 2420 1078 2453 de
1103 2421 1153 2453 sui
1180 2420 1339 2462 gloriatur

261 2473 342 2507 Cum
367 2473 500 2506 honoris
526 2473 633 2512 gratia
970 2469 1116 2504 Pastoris
1139 2470 1337 2511 praesentia.
