1654 2756
721 157 983 192 —317—

173 253 238 285 2³..
270 251 411 286 Sanctus
435 253 490 285 hic
516 254 549 286 in
578 257 728 295 puritate,
878 255 938 289 2b.
973 255 1131 287 Mundum
1170 263 1345 295 spernens,
1386 262 1515 286 carnem

272 302 368 341 Fide,
395 310 454 343 spe
480 307 510 334 et
539 305 675 336 caritate
1228 302 1370 345 frenans,

321 351 516 383 Trinitatem
544 353 654 391 coluit,
976 353 1146 385 Inimicum
1175 353 1222 384 sic
1250 351 1420 384 refrenans

1024 400 1182 443 Possidet,
1211 401 1296 441 quod
1327 401 1437 433 voluit.

175 487 235 519 3a.
269 486 354 518 Nam
380 488 412 519 in
440 488 540 520 caelis
566 497 651 520 nune
678 489 792 520 beatus
878 488 938 521 3b.
971 489 1511 529 Quemcontemplansiucundatur‚

272 535 383 568 Prima
409 536 494 568 stola
516 537 580 568 iam
609 537 737 568 dotatus
975 538 1068 570 Omni
1096 538 1178 570 bono
1205 538 1251 568 sic
1279 538 1421 578 dotatur,

322 584 443 626 Regem
471 586 575 617 cernit
600 586 734 625 gloriae,
1023 587 1151 626 Expers
1178 590 1226 617 est
1253 587 1413 620 miseriae.

173 672 237 704 4a.
268 672 368 714 Ergo,
398 671 528 710 fratres,
555 675 722 704 teneamus
877 673 941 707 4b.
974 674 1017 706 Ut
1044 674 1077 705 in
1106 651 1206 705 caelo·
1222 673 1427 715 collocemur,

274 720 366 752 Viam
389 720 492 761 huius,
521 729 615 760 quem
647 721 817 753 laudamus
978 722 1056 754 Cum
1085 724 1124 753 de
1151 722 1271 753 mundo
1299 722 1472 754 educemur

321 769 496 802 iubilando
522 769 667 811 vocibus⁷
1024 771 1104 802 Eius
1130 771 1251 801 sanctis
1277 771 1440 810 precibus.

179 898 193 903 ..
253 865 393 893 Cantiou.
422 873 474 892 ms.
505 866 535 892 S.
564 866 680 892 Mariae
706 866 802 893 Urani
832 875 908 894 saec.
940 865 982 893 14.
1013 866 1084 894 Cod.
1112 865 1245 894 Classen.
1278 864 1340 894 129.
1368 866 1394 894 5.
1423 868 1460 894 H.
1483 882 1521 887 —-

173 904 375 932 Uberschrift:
401 904 611 940 „Sequentia“.

524 1027 593 1058 352.
636 1028 678 1058 De
701 1037 761 1058 uno
782 1028 904 1059 Abbate
927 1030 960 1059 et
982 1028 1171 1060 Confessore.

175 1121 240 1152 la.
275 1119 362 1151 Laus
380 1118 531 1160 iucunda,
560 1119 629 1150 laus
651 1119 819 1160 sollennis‚
882 1119 945 1152 lb.
977 1121 1006 1151 A
1030 1129 1092 1160 quo
1119 1124 1249 1151 sanctus
1278 1120 1329 1150 hic
1356 1119 1462 1151 fidelis

273 1168 360 1199 Laus
379 1166 561 1207 praeclara,
581 1167 652 1198 laus
667 1167 819 1206 perennis
978 1167 1210 1199 Laetabundus
1237 1173 1285 1199 est
1312 1169 1343 1199 in
1372 1169 1471 1200 caelis

321 1216 428 1247 Detur
454 1214 522 1254 regi
548 1215 682 1254 gloriae,
1027 1216 1224 1248 Sublimatus
1252 1217 1358 1250 hodie.

172 1304 224 1336 2a
275 1303 312 1334 In
340 1302 456 1333 timore
482 1301 543 1333 Dei
571 1300 654 1332 fixus
879 1301 943 1334 eb.
977 1302 1115 1344 Gregem
1142 1312 1233 1334 suum
1261 1303 1343 1335 bene
1370 1305 1464 1345 rexit,

273 1351 379 1391 Super
403 1351 509 1391 ipsum
537 1354 585 1381 est
612 1350 741 1381 innixus
979 1352 1043 1384 Pro
1070 1362 1132 1393 quo
1148 1351 1237 1383 Deus
1264 1352 1349 1383 hunc
1371 1355 1523 1392 provexit

322 1402 444 1432 Amore
471 1399 677 1437 caelestium;
1027 1402 1082 1433 Ad
1109 1400 1191 1434 caeli
1218 1401 1386 1442 palatium.

175 1488 238 1521 3a.
270 1487 350 1527 Legi
377 1495 496 1527 parens
523 1485 575 1517 hic
603 1486 733 1518 divinae
883 1487 948 1520 3b.
981 1488 1045 1519 Per
1072 1489 1132 1520 hoc
1158 1488 1236 1520 salis
1262 1490 1503 1521 condimentum

274 1536 429 1576 Regulari
458 1534 655 1574 disciplinae
982 1538 1065 1570 Suae
1093 1538 1206 1569 domus
1235 1536 1481 1569 fundamentum

325 1584 366 1617 Se
392 1592 531 1624 suosque
558 1583 722 1622 subdidit3
1029 1586 1135 1626 Supra
1162 1590 1287 1626 petram
1316 1587 1474 1620 condidit.

174 1673 240 1705 4b.
275 1672 411 1704 Morbos
447 1680 564 1703 curans
591 1675 624 1703 et
648 1672 822 1713 languores
885 1672 948 1706 4b.
979 1674 1039 1714 Qui
1066 1684 1126 1714 pro
1152 1674 1246 1706 nobis
1275 1675 1479 1718 deprecetur,

276 1720 477 1754 Sublimatus
503 1721 546 1752 ad
574 1721 712 1753 honores
982 1723 1027 1756 Ut
1053 1732 1113 1763 per
1139 1723 1244 1763 ipsum
1273 1725 1365 1755 nobis
1395 1725 1490 1757 detur

324 1771 450 1811 Migrat
476 1771 518 1802 ad
546 1771 711 1803 caelestia.
1032 1773 1242 1805 Peccatorum
1272 1774 1373 1806 venia.

256 1868 340 1894 Miss.
370 1867 543 1895 Morinense
580 1868 650 1903 imp.
684 1868 841 1904 Rotomagi
881 1866 963 1896 151⁸.
997 1871 1030 1895 A.
1066 1884 1098 1887 ——
1133 1870 1217 1896 Miss.
1249 1870 1422 1897 Morinense
1457 1872 1526 1906 imp.

179 1907 305 1934 Parisiis
329 1904 411 1934 1518.
435 1906 467 1933 Β.
493 1922 529 1926 -
551 1907 637 1934 Miss.
658 1907 831 1935 Morinense
852 1909 922 1944 imp.
946 1910 1104 1945 Rotomagi
1129 1906 1203 1936 1523
1235 1910 1265 1936 C.

568 2031 636 2062 353.
680 2031 723 2063 De
745 2032 864 2064 sanctis
887 2033 1138 2066 Confessoribus.

626 2125 656 2157 1.
685 2125 795 2157 Vitam
822 2126 917 2166 petiit
941 2126 1055 2158 beatus

680 2173 795 2206 Helias

171 2264 236 2297 2a.
269 2263 356 2295 Puro
381 2262 500 2295 mentis
528 2266 604 2294 voto
632 2262 715 2294 caeli
883 2264 947 2297 2b.
979 2264 1150 2296 Solotenus
1178 2263 1401 2303 provolvendo

273 2321 345 2345 esse
373 2313 483 2346 datam
511 2311 594 2354 sibi3
982 2313 1077 2345 datur
1103 2312 1217 2345 oratio.

173 2402 238 2436 3a.
269 2400 426 2442 Pervigil,
453 2399 612 2443 ieiunam,
885 2400 948 2435 3b.
981 2401 1169 2433 Mandanae
1196 2400 1323 2433 lubrica

273 2452 417 2482 tremens
441 2451 587 2482 tartarea
743 2485 751 2493 ·
981 2450 1075 2482 huius
1103 2449 1287 2489 despiciens

321 2499 391 2539 pati
414 2498 550 2540 pericla,
1030 2499 1117 2532 vitae
1143 2499 1272 2541 gaudia,
