1654 2756
716 204 766 209 -
816 185 987 246 263,—

207 284 268 316 6a.
302 280 409 315 Surda
434 282 496 315 Dei
522 280 655 326 famula,
909 285 972 318 6b.
1007 286 1091 318 Dum
1119 287 1286 326 praelatus
1313 293 1438 321 temere

301 330 342 364 Se
367 332 519 372 sepulcro
545 333 660 366 sedula
1005 335 1115 368 Audet
1143 335 1273 368 dentem
1302 347 1427 381 rapere,

348 380 516 422 lugerem,
543 385 687 417 curatur.
1057 384 1187 425 Martyr
1214 386 1404 428 mutilatum

207 468 266 502 7a.
298 467 414 508 Rapax
441 479 554 502 manus
581 470 689 504 subito
915 471 975 505 7b.
1009 473 1089 505 Cum
1115 473 1193 512 quid
1222 473 1262 506 de
1287 474 1433 514 reliquiis

305 516 414 554 Dolet,
443 519 541 551 dente
567 520 698 553 reddito
1016 521 1112 553 Locis
1141 522 1237 554 datur
1265 522 1348 561 aliis,

353 565 456 600 Dolor
481 568 657 604 evanescit,
1064 570 1179 602 Suavis
1205 571 1286 603 odor
1313 571 1441 603 erescit.

207 653 266 688 Sa.
303 652 441 686 Sanctus
466 655 720 696 archipraesulis
919 656 981 691 8b.
1015 657 1194 689 Sanitatum
1223 658 1329 699 gratia

306 702 415 743 Capiti
440 713 479 735 ac
505 704 608 736 oculis
1017 705 1096 738 Eius
1123 715 1182 746 per
1208 707 1360 746 suffragia

352 751 440 783 Mire
466 752 657 789 medicatur.
1065 754 1179 787 Multis
1206 756 1307 787 multa
1336 756 1442 788 datur.

214 840 278 871 9a.
310 837 375 870 Per
401 839 485 871 bunc
514 839 636 872 Christi
662 842 783 882 populo
921 841 984 874 9b.
1017 843 1166 883 congrua
1194 842 1233 874 de
1260 842 1370 883 pluvia

308 886 445 919 Pluviae
470 888 628 920 miraculo
1019 890 1160 931 speciali
1188 892 1293 931 gratia

360 935 531 975 Subvenis‚
559 947 578 968 o
606 937 752 979 Christe3
1067 939 1173 972 Pollet
1200 944 1294 980 pater
1320 939 1392 972 iste.

185 1024 268 1056 lOa.
299 1021 405 1054 Huius
431 1024 496 1064 piis
521 1025 686 1065 precibus,
897 1026 940 1058 10
953 1025 984 1061 b.
1015 1026 1083 1058 Nos
1111 1027 1142 1057 in
1170 1027 1240 1058 loco
1268 1035 1407 1066 pascuae

308 1071 438 1104 Summe
463 1076 586 1115 pastor,
614 1073 729 1105 ovibus
1020 1075 1151 1107 colloca
1178 1077 1366 1115 perpetuae,

358 1119 436 1151 Tuis
463 1129 577 1160 pacem
605 1121 709 1162 dona3
1063 1122 1246 1162 Martyrum
1273 1131 1402 1157 corona.

193 1238 206 1243 η
263 1206 345 1234 Orat.
376 1209 404 1232 et
432 1207 574 1242 Sequent.
603 1216 655 1233 ms.
673 1208 840 1242 Campense
867 1209 939 1235 anni
972 1206 1046 1234 1462
1071 1207 1141 1233 le.
1168 1208 1386 1235 Darmstadien.
1417 1207 1481 1235 521⁴
1510 1224 1529 1226 —

185 1243 390 1272 Uberschrift:
415 1245 478 1279 „De
501 1248 604 1271 sancto
626 1246 782 1278 Maurino,
811 1247 897 1273 cuius
919 1254 1029 1281 corpus
1053 1247 1185 1282 positum
1207 1250 1251 1274 est
1275 1247 1304 1272 in
1327 1247 1454 1274 ecclesia
1476 1248 1540 1273 sive

184 1285 368 1311 monasterio
393 1285 489 1311 sancti
512 1283 729 1312 Panthaleonis
751 1285 781 1311 in
804 1282 963 1312 Colonia.“

585 1397 654 1430 292.
699 1398 741 1429 De
763 1407 787 1429 s.
810 1396 963 1430 Mauritio
987 1400 1019 1429 et
1040 1397 1147 1430 Sociis.

542 1491 573 1524 1.
602 1489 794 1522 Gratuletur
819 1493 907 1522 totus
934 1491 1073 1522 mundus

600 1540 638 1571 In
664 1540 724 1571 hoc
750 1538 834 1572 festo
864 1538 1097 1580 laetabundus,

648 1587 790 1628 Caelum,
820 1591 920 1629 terra,
949 1588 1062 1620 maria.

179 1677 199 1709 2
215 1685 245 1708 a.
279 1675 503 1708 Iucundentur
528 1676 752 1716 Agaunenses‚
889 1677 907 1708 2
922 1675 953 1710 b.
988 1676 1049 1716 Qui
1077 1685 1137 1717 pro
1165 1677 1296 1709 Christo
1314 1664 1398 1708 'sunt
1416 1676 1537 1717 necati,

278 1724 408 1757 Laudes
435 1724 514 1756 laeti
541 1724 765 1764 persolventes
989 1724 1165 1766 Sexaginta
1191 1735 1249 1758 sex
1277 1726 1392 1757 armati

325 1773 511 1814 Martyrum
538 1773 734 1814 praesentia,
1038 1773 1192 1807 Sexcenti
1219 1784 1276 1807 sex
1304 1775 1405 1809 milia.

178 1863 241 1897 3a.
272 1862 368 1894 Hanc
395 1866 536 1902 stragem
562 1861 781 1893 Maximianus
889 1861 950 1895 3b.
985 1863 1045 1902 Qui
1074 1862 1123 1894 bis
1151 1871 1206 1894 eos
1235 1863 1412 1895 decimavit

274 1910 378 1949 Fecit,
406 1914 513 1943 mente
540 1910 591 1942 vir
616 1909 787 1951 profanus,
984 1911 1055 1943 Nec
1081 1911 1140 1943 hos
1167 1915 1274 1944 tamen
1302 1913 1471 1953 superavit

324 1959 482 1999 Repletus
508 1959 645 1992 insania.
1035 1961 1152 1993 Fortes
1179 1961 1241 1993 Dei
1268 1962 1384 2002 gratia.

176 2051 238 2082 4a.
270 2048 370 2089 Ergo,
398 2056 492 2080 sacra
516 2046 611 2089 legio,
886 2047 947 2082 4b.
984 2049 1044 2088 Qui
1070 2048 1225 2088 baptismi
1252 2048 1395 2091 flumine,

273 2098 345 2130 Tuo
370 2106 429 2129 nos
455 2095 577 2129 auxilio
984 2097 1049 2130 Suo
1076 2095 1148 2129 fuso
1175 2097 1345 2138 sanguine,

326 2145 458 2180 Christo
485 2145 669 2184 reconcilia,
1033 2146 1158 2178 Nostra
1184 2146 1266 2178 lavit
1294 2147 1394 2189 vitia3

177 2239 239 2269 52.
271 2233 419 2268 Tandem
447 2243 508 2274 per
533 2234 726 2274 martyrium
887 2232 951 2268 5b.
987 2233 1084 2266 Unde
1111 2243 1168 2264 nos
1196 2233 1392 2275 suppliciter

277 2285 319 2318 Et
346 2283 460 2315 mortis
487 2282 685 2323 supplicium
984 2282 1103 2315 Omnes
1131 2282 1329 2315 unanimiter

323 2331 393 2364 Nos
422 2331 542 2365 ditavit
568 2332 682 2372 gloria.
1035 2331 1153 2363 Vestra
1179 2332 1365 2371 patrocinia

535 2421 566 2454 6.
593 2420 762 2454 Poscimus
789 2419 950 2461 hilariter,

592 2469 637 2503 Ut
665 2469 810 2501 vivamus
838 2467 957 2510 iugiter

642 2519 681 2550 In
706 2517 840 2549 caelesti
865 2517 988 2558 patria.
