1654 2756
698 121 962 157 -164-

159 218 220 252 2a.
259 219 316 252 Pie
343 219 468 262 ductor,
497 221 686 262 Augustine,

258 268 490 308 Exemplorum
517 278 555 301 ac
582 268 749 300 doctrinae

306 316 373 348 Nos
399 318 569 358 praecedis
597 318 712 358 clipeo,

159 396 221 427 3a.
258 395 346 426 Arca
372 398 470 428 tenax
497 398 531 426 tu
557 395 701 435 sophiae,

257 443 355 475 Cuius
382 444 469 475 velut
495 444 601 475 Isaiae

306 490 427 530 Purgat
453 491 578 531 Seraph
605 490 737 532 labium,

159 571 220 600 4³.
254 568 283 600 A
311 577 373 608 quo
399 569 516 600 missus
542 568 658 600 Isaiam

258 616 365 656 Legis,
392 617 478 648 unde
505 625 642 656 carpens
670 615 752 646 viam

308 664 399 696 Pauli
425 665 511 696 dicta
538 662 680 704 perficis,

163 744 223 775 521.
261 741 346 772 Hinc
372 744 526 781 utrosque
550 747 636 779 rege,
664 743 768 778 pater,

260 789 310 820 Ne
338 789 511 820 concludat
537 788 625 819 locus
648 791 720 818 ater

306 836 373 867 Nos
399 836 432 868 in
458 835 522 867 fine
549 835 689 873 saeculi3

857 218 920 252 2b.

859 390 922 426 3b.

856 565 920 598 4b.

859 737 923 771 5b.

955 218 1078 251 Contra
1103 222 1226 252 turmas
1252 219 1407 252 vitiorum

953 265 1038 298 Dum
1066 271 1215 300 catervas
1238 267 1431 298 clericorum

1000 313 1142 346 ordinas
1167 315 1201 346 in
1229 323 1343 348 cune0.

959 391 1161 431 Argumenta
1186 391 1261 423 dum
1288 390 1435 423 Platonis

955 439 1116 479 Linquens
1147 439 1238 471 cordi
1265 438 1362 470 fidem
1391 437 1497 478 ponis,

1008 488 1187 521 Consulens
1212 487 1432 520 Ambrosium.

957 565 1091 598 Praesul
1106 565 1211 599 factus
1226 574 1358 598 monens
1373 565 1494 596 clerum

955 613 1214 653 Contemptorem
1243 622 1313 646 esse
1338 622 1457 652 rerum,

1003 661 1073 694 Nec
1098 661 1256 695 habentes
1283 662 1395 694 abicis.

961 738 1076 770 Vincla
1096 740 1226 781 cadant,
1254 742 1350 771 ruant
1375 739 1470 777 muri,

955 785 1075 817 Hostes
1102 788 1229 828 cedant,
1255 791 1342 819 stent
1368 787 1474 819 securi

1004 833 1093 865 Tuae
1118 836 1216 868 sortis
1244 835 1369 868 famuli.

239 916 379 948 sequent.
402 921 454 939 ms.
479 912 773 938 Praemonstratense
795 917 872 935 saec.
895 907 940 936 14.
963 910 1002 935 in.
1026 909 1097 936 Cod.
1112 911 1229 938 Musaei
1245 910 1367 938 Bohem.
1382 911 1458 938 XIII
1473 910 1498 936 A

160 952 204 979 l—l».
228 967 261 970 —
289 951 337 982 la,
361 949 378 977 2
400 951 570 978 Induamur.
594 964 628 968 -—
651 949 720 976 Mel.
765 948 833 983 Spe
854 948 1039 975 mercedis
1062 951 1096 975 et
1117 958 1290 976 coronae.

595 1034 653 1064 175.
686 1033 727 1063 De
749 1033 860 1063 sancto
882 1031 1068 1072 Augustino.

582 1108 611 1139 l.
651 1104 814 1136 Melodiae
841 1104 976 1135 canticis

648 1153 819 1191 Iungentes
846 1152 1001 1191 angelicis

697 1199 817 1231 Nostra
842 1208 968 1238 quoque
995 1199 1112 1239 gaudia

162 1282 224 1312 22.
261 1278 444 1310 Laudemus
472 1278 501 1309 in
531 1277 704 1317 tympanis,

260 1327 296 1358 In
324 1326 454 1358 chordis
482 1330 513 1357 et
536 1326 664 1365 organis

307 1375 428 1414 Ipsum,
457 1375 546 1406 cuius
572 1373 676 1414 gratia

267 1452 369 1484 Dulce
395 1452 495 1483 melos
521 1451 660 1483 dulciter

263 1501 475 1532 Personemus
502 1500 625 1540 pariter

310 1548 361 1580 Ad
391 1550 458 1581 eius
485 1548 671 1586 sollemnia;

164 1454 226 1486 321.

166 1629 227 1658 4³.
266 1627 338 1667 Hic,
366 1627 495 1665 gentilis
522 1626 596 1658 dum
625 1624 695 1663 snit,

258 1674 458 1706 Manichaeis
484 1674 601 1714 paruit,

307 1722 370 1753 Sed
398 1730 529 1761 precum
555 1721 709 1752 instantia

306 1769 413 1801 Mater
438 1770 539 1810 illum,
566 1769 700 1808 propria

216 1873 222 1879 .
259 1846 437 1878 Differebat
465 1846 602 1886 primum
629 1846 757 1885 quidem

261 1895 427 1934 Baptizari
453 1903 587 1935 sperans
614 1894 708 1926 fidem

306 1943 453 1975 Humana
478 1943 613 1974 scientia

263 2022 298 2053 In
325 2021 432 2054 medio
457 2021 612 2053 ecclesiae

261 2069 384 2110 Spiritu
407 2069 596 2110 sapientiae,

307 2118 495 2150 Intellectus
524 2117 627 2159 copia,

164 2024 226 2054 tia.

258 2196 375 2228 Libros
401 2197 456 2228 illc

259 2245 397 2284 Scripsit
424 2245 529 2283 niille3

309 2293 396 2324 Vivis
424 2294 516 2334 dixit,

310 2341 412 2374 Nobis
439 2342 581 2383 scripsit,

357 2390 602 2424 Haereticorum
632 2390 722 2422 varia

355 2439 422 2479 Quo
448 2440 568 2472 vitatur
594 2438 743 2480 perfidia.

163 2198 221 2230 7a.

859 1275 920 1309 2b.

859 1451 921 1485 3b.

859 1626 923 1658 4b.

859 1847 921 1881 5b.

859 2021 921 2054 ob.

861 2196 921 2229 7b.

957 1276 1172 1317 Augustinum
1198 1278 1296 1311 hodie

955 1325 1081 1357 Corona
1105 1326 1248 1358 iustitiae

1004 1373 1129 1406 Ditavit
1155 1379 1185 1406 et
1213 1375 1327 1415 gloria.

958 1451 1038 1483 Voci
1065 1451 1131 1483 vita
1159 1456 1322 1493 consonet,

956 1501 1057 1532 Dulce
1083 1501 1183 1532 melos
1212 1505 1366 1540 personet

1004 1547 1183 1580 Ambarum
1210 1549 1394 1581 concordia.

961 1626 1061 1664 Quem
1089 1634 1186 1657 carne
1212 1629 1385 1665 pepererat

954 1673 1089 1711 Mundo,
1119 1673 1247 1705 Christo
1273 1679 1416 1716 generat,

1004 1721 1047 1752 Et
1072 1725 1198 1753 tumens
1225 1722 1361 1753 scientia

1003 1770 1143 1801 Humilis
1170 1768 1206 1801 fit
1231 1770 1348 1810 gratia.

964 1847 1059 1878 Posse
1086 1848 1168 1887 capi,
1197 1847 1254 1879 sed
1281 1851 1410 1880 secutus

958 1895 1089 1926 Paulum
1109 1896 1272 1928 Christum
1297 1900 1344 1928 est
1364 1897 1496 1930 indutus

1005 1945 1124 1987 Ipsum,
1154 1945 1244 1976 cuius
1271 1945 1376 1986 gratia

958 2022 1001 2054 Os
1028 2021 1187 2061 repletum
1214 2024 1360 2065 aperuit;

956 2070 1113 2103 Doctrina
1139 2081 1219 2103 sana
1246 2072 1363 2104 claruit

1004 2118 1169 2151 Praesulis
1196 2119 1360 2153 facundia.

959 2195 1098 2235 Scripsit
1123 2205 1200 2228 vero

956 2243 1019 2276 Suo
1047 2243 1132 2276 clero

1007 2291 1099 2323 Vitae
1124 2301 1281 2331 normam,

1003 2339 1067 2372 Sed
1095 2341 1175 2373 dans
1202 2339 1352 2383 formam,

1052 2388 1095 2421 Ut
1113 2389 1212 2421 castis
1226 2390 1301 2422 sind
1317 2392 1498 2424 communia

1049 2437 1267 2470 Oboedienter
1293 2440 1412 2473 omnia.
