1654 2756
726 147 991 183 -154—

667 241 728 273 163.
760 241 803 273 De
824 242 936 272 sancta
957 241 1058 272 Anna.

192 337 250 368 la.
288 335 314 368 Ο
343 344 416 367 rosa
442 335 594 375 vernalis,
887 333 903 366 1
920 331 950 364 b.
990 331 1132 371 Virginis
1159 328 1296 362 eximiae

338 383 500 415 Virtutum
527 383 651 414 consita
676 381 780 424 malis,
1033 379 1138 412 Radix
1164 378 1291 410 sincera
1317 374 1454 408 Mariae.

189 471 250 502 2a.
279 468 413 500 Plaudis
441 470 472 501 in
499 468 659 501 aethereis
886 467 950 500 2b.
988 466 1055 498 Nos
1081 465 1227 504 miseros,
1257 462 1320 503 dia,

337 517 361 549 O
391 515 468 549 felix
493 518 589 549 Anna
616 517 761 556 choreis;
1032 513 1177 546 Benedic
1204 521 1275 543 cum
1300 509 1393 550 prole
1421 508 1530 541 Maria

189 606 249 638 3a.
277 604 418 644 Cumque
446 604 563 644 Ioseph
590 612 718 644 genero,
887 601 950 635 3b.
987 602 1105 641 Atque,
1132 603 1187 631 tuo
1214 607 1289 630 caro

338 653 462 685 Mariae
489 653 623 692 coniuge
649 655 761 683 sancto
1035 648 1189 688 Ioachim,
1217 645 1312 678 felice
1337 644 1464 686 marito,

605 737 668 770 4b.
707 739 755 768 Ac
780 736 903 768 cunctis
929 736 1013 768 natis

757 785 806 816 De
833 784 934 824 stirpe
961 788 1015 815 tua
1042 782 1216 823 generatis.

265 871 347 897 Miss.
371 871 520 906 Pragense
548 872 617 906 imp.
642 871 765 906 Lipsiae
799 867 883 896 1522.
905 883 941 887 ——
961 869 1019 896 Die
1041 869 1181 903 Sequenz
1207 867 1299 894 findet
1325 866 1388 892 sich
1411 868 1443 893 in
1463 865 1529 892 dem

189 909 343 943 .,(V)fficiuni
366 910 474 936 Missae
501 914 670 936 sanctorum
697 910 829 935 omnium
865 908 1071 934 exsistentium
1099 904 1137 932 (le
1167 905 1345 941 genealogia
1368 905 1530 931 salvatoris

187 949 280 975 nostri
315 949 382 975 Iesu
411 948 557 977 Christi“;
595 948 642 975 (lie
669 946 875 974 leoninischen
904 947 1086 973 Hexarneter
1116 945 1181 971 siud
1215 943 1448 979 Entlehnungen
1475 951 1530 969 aus

186 987 250 1014 «lem
274 986 495 1021 rhythmischeu
517 978 763 1014 Anna-Officium.

597 1070 658 1101 161.
690 1069 724 1100 ln
748 1070 828 1100 festo
851 1070 982 1099 sanctae
1003 1069 1121 1099 Annae.

192 1144 207 1174 1
224 1151 253 1174 a.
290 1141 402 1173 Dulcis
428 1143 502 1174 Iesu
527 1142 639 1172 matris
666 1145 770 1182 pater,
902 1139 958 1172 1b.
987 1140 1123 1172 Florent
1150 1139 1246 1171 rebus
1271 1148 1309 1170 ac
1334 1139 1478 1177 virtute;

292 1189 448 1228 loacliim,
476 1194 507 1220 et
533 1190 629 1220 Anna
653 1194 767 1227 mater,
985 1188 1035 1219 Ac
1061 1191 1228 1220 transacta
1253 1188 1431 1227 iuventute,

338 1238 429 1276 lusti,
457 1242 533 1269 natu
560 1236 695 1275 nobiles,
1035 1236 1119 1268 Dum
1147 1240 1303 1276 putantur
1326 1235 1465 1274 steriles,

194 1326 252 1357 221.
289 1323 338 1355 Ex
366 1323 415 1356 his
442 1323 551 1364 prodit
576 1322 635 1354 fios
662 1323 778 1364 Maria,
902 1321 961 1355 2b.
991 1322 1069 1354 Flos
1097 1321 1224 1353 decoris
1252 1325 1282 1352 et
1310 1322 1450 1361 virtutis,

288 1371 418 1403 Florem
443 1371 556 1403 florum
584 1372 673 1411 virgo
699 1371 755 1410 pia
988 1370 1066 1402 Flos
1092 1370 1202 1402 odoris
1229 1374 1261 1401 et
1286 1370 1411 1410 salutis,

337 1420 470 1459 Ferens,
499 1419 558 1451 Dei
583 1419 693 1461 filium,
1036 1419 1200 1457 Fragrans
1226 1418 1310 1449 sicut
1337 1418 1439 1450 lilium

190 1508 250 1539 3a.
285 1506 310 1538 O
338 1505 467 1543 Iudaea,
899 1504 957 1537 3b.
986 1504 1158 1536 Genitores

286 1554 401 1585 Mortis
429 1563 495 1593 rea,
985 1552 1079 1584 Nunc
1105 1553 1253 1591 honores,

363 1603 427 1634 cur
453 1612 515 1633 non
543 1602 650 1633 credis
1060 1601 1228 1632 Honor-ata

362 1650 403 1680 Et
430 1650 573 1687 oboedis,
1062 1649 1105 1680 Et
1131 1652 1246 1680 ornata

411 1698 454 1730 Ut
480 1698 583 1729 claros
612 1696 817 1728 christiferae
1110 1696 1215 1728 Tanto
1242 1696 1303 1727 Dei
1331 1696 1488 1728 munere?

193 1786 253 1816 421.
290 1783 315 1815 O
342 1783 458 1823 Maria,
483 1783 541 1814 flos
569 1786 749 1822 parentum,
900 1782 962 1815 41).
990 1782 1057 1814 Fae
1085 1782 1232 1814 concives
1258 1784 1457 1825 angelorum,

290 1831 407 1862 Mundi
435 1831 543 1868 decus,
571 1836 804 1862 ornamentum.
985 1832 1044 1870 Qui
1071 1835 1197 1862 tuorum
1225 1832 1405 1871 genitorum

341 1878 445 1917 Salus,
471 1879 539 1914 lux,
565 1879 699 1914 laetitia*
1033 1878 1178 1910 Efferunt
1206 1881 1390 1919 praeconia.

268 1955 351 1982 Miss.
378 1954 549 1996 -Upsalense
579 1954 648 1988 inip.
672 1964 693 1979 s.
716 1953 734 1979 l.
757 1957 786 1980 et
809 1962 834 1979 a.
855 1955 909 1983 (ca.
935 1952 1025 1993 1487).
1049 1956 1080 1981 A.
1105 1970 1140 1973 —
1163 1956 1245 1982 Miss.
1269 1957 1436 1992 Upsalense
1459 1959 1529 1995 imp.

191 1994 329 2022 Bzzsileae
357 1992 440 2020 1013.
464 1994 495 2020 B.
518 2007 554 2010 —
576 1991 737 2019 Inhaltlich
763 1991 834 2027 geht
861 1992 908 2019 die
930 1994 1064 2026 Sequenz
1091 1995 1144 2020 ans
1165 1994 1212 2022 die
1234 1995 1284 2022 hh.
1308 1996 1447 2024 Joachim
1470 1998 1530 2025 und

193 2035 287 2063 Anna,
309 2032 492 2068 wenngleich
515 2033 557 2058 sie
582 2031 635 2057 anf
652 2031 704 2057 (las
720 2031 789 2057 Fest
810 2030 861 2057 der
876 2031 1016 2059 letzteren
1031 2033 1123 2060 allein
1138 2035 1307 2062 vei-wendet
1321 2035 1479 2063 erscheint.
1493 2052 1529 2056 —

190 2071 254 2107 vgl.
281 2071 453 2106 Klemming
474 2071 528 2102 III,
550 2068 576 2097 8.

662 2134 720 2165 165.
752 2133 794 2164 De
816 2136 928 2164 saneta
950 2135 1049 2166 Anna.

192 2209 250 2241 la.
289 2208 382 2239 Felix
409 2207 557 2245 mundus,
897 2206 953 2239 lb.
982 2207 1088 2246 Magis
1115 2207 1195 2239 felix

337 2265 376 2288 ex
404 2257 484 2289 caeli
511 2255 631 2287 lumine
1032 2256 1148 2287 Annae
1174 2258 1339 2296 progenie,

286 2305 372 2336 Mira
399 2314 524 2338 sursum
987 2302 1034 2335 De
1061 2312 1124 2343 qua
1150 2308 1245 2336 natae

336 2354 368 2384 in
395 2354 576 2395 altitudine,
1035 2355 1102 2382 tres
1129 2358 1261 2384 sanctae
1288 2354 1374 2387 filiae

338 2402 386 2433 De
413 2403 581 2434 stellarum
608 2400 723 2433 ordine
1035 2399 1131 2431 clara
1158 2401 1291 2441 gignunt
1319 2404 1429 2437 sidera

338 2451 480 2492 Fulgens
507 2449 761 2490 pulchritudine,
1032 2450 1196 2489 Astraque
1222 2450 1392 2485 stellifera.
