1654 2756
731 152 989 188 —111—

195 244 260 277 92.
286 244 375 278 Hine
393 255 458 279 non
476 256 614 288 spernas
632 253 833 290 peccatores,
905 250 966 286 9b,
990 251 1080 291 Ergo
1106 252 1219 282 nostra
1243 258 1305 289 per
1330 253 1476 292 peecata,

284 293 384 335 Tuos,
411 296 515 338 virgo,
543 298 731 339 servitores,
990 299 1051 331 Dei
1079 301 1192 341 mater,
1220 298 1268 330 sic
1295 298 1417 337 dotata,

286 341 364 375 Sine
390 344 507 384 quibus
535 355 698 387 nunquam
728 345 813 378 fores
991 348 1094 380 Nobis
1119 356 1249 387 semper
1274 347 1433 379 advocata

336 392 442 425 Tanto
470 394 569 434 digna
595 394 673 427 filio,
1040 396 1091 428 Sis
1119 397 1150 428 in
1178 396 1238 427 hoc
1265 396 1390 428 exsilio.

263 463 354 491 Grad.
386 474 441 492 ms.
474 466 667 494 Calcariense
697 474 774 493 saec.
809 464 852 494 15.
903 467 975 494 Cod.
1010 468 1176 495 Calcarien.
1209 476 1232 494 s.
1264 477 1293 494 n.
1323 484 1358 487 -
1391 466 1520 494 Melodie

183 502 390 531 Iucundare
414 505 518 540 plebs
540 505 681 533 fidelis.

649 589 699 620 111.
733 589 776 620 De
797 589 897 620 Beata
918 589 1020 621 Maria
1045 590 1078 620 V.

193 658 255 690 la.
282 658 459 691 lubilemus
486 660 517 692 in
546 660 608 692 hac
635 661 700 695 die,
850 659 906 693 1b.
936 660 1005 692 Nec
1031 665 1079 692 est
1107 661 1176 692 sine
1204 669 1311 701 causa,
1340 670 1440 701 quare

283 707 386 746 Quam
413 708 494 740 haec
519 709 638 749 virgini
665 709 793 740 Mariae
939 708 1124 741 Debeamus
1149 709 1288 740 iubitare

331 755 452 788 Statuit
480 756 615 790 familia.
990 759 1025 790 ln
1054 759 1113 789 hac
1142 758 1194 788 die
1221 758 1329 790 tertia.

194 829 254 861 2a.
283 828 374 860 Haec
402 834 451 861 est
477 830 582 871 prima
610 830 775 868 feriarum,
852 829 911 863 2b.
941 830 1029 862 Haec
1055 836 1103 862 est
1131 831 1235 869 prima
1262 830 1465 865 feminarum.

283 878 322 909 ln
348 887 412 918 qua
437 879 572 911 arbores
599 884 758 911 terrarum
794 888 803 893 ·
938 880 1026 919 Quae
1053 880 1207 920 produxit
1235 880 1354 911 mundo
1374 890 1482 911 rarum

333 927 492 958 Crescunt
518 928 587 960 sine
615 927 755 969 semine;
989 928 1144 960 Fructum
1171 927 1231 959 Dei
1261 930 1401 962 numine.

196 999 256 1032 3a.
284 999 323 1031 In
351 1000 411 1031 hac
439 1000 491 1032 die
516 1004 592 1032 sunt
617 1004 752 1033 onustae
850 999 909 1032 3b.
941 1001 994 1032 Sic
1020 1005 1051 1032 et
1069 1001 1149 1032 hacc
1167 1000 1199 1032 in
1219 1001 1347 1032 moduni
1368 1003 1484 1033 mirum

286 1048 325 1079 In
352 1048 487 1080 instanti
515 1053 591 1080 tunc
617 1049 771 1081 arbustae
939 1049 1076 1081 Femina
1102 1050 1250 1088 concepit
1281 1050 1383 1081 virum

333 1096 474 1128 Maturis
502 1106 571 1128 cum
601 1096 782 1138 fructibus3
990 1097 1172 1129 Perfectum
1199 1097 1231 1128 in
1259 1099 1418 1132 omnibus,

192 1170 256 1201 43.
285 1169 324 1201 In
350 1169 412 1200 hac
438 1169 491 1200 dic
518 1169 726 1210 congregavit
780 1212 783 1215 ἱ
852 1168 914 1202 4h.
944 1170 1035 1200 Haeo
1061 1174 1108 1200 est
1135 1174 1252 1208 puteus
1278 1179 1445 1209 aquarum,

284 1217 397 1258 Aquas
424 1217 512 1249 Deus
541 1223 571 1249 et
599 1218 728 1249 ornavit
940 1218 1073 1249 Donans
1101 1219 1192 1257 virgo
1219 1218 1426 1250 lacrimarum

331 1266 468 1298 Aridam
497 1275 566 1297 eum
594 1265 750 1307 floribusg
990 1268 1104 1299 Potum
1132 1267 1370 1305 peccatoribus.

194 1341 254 1372 5a.
283 1338 374 1370 Haec
401 1343 450 1370 est
476 1340 589 1371 hortus
616 1339 790 1380 sigillatus,
851 1338 910 1371 5b.
940 1340 1085 1377 Fratres,
1116 1339 1208 1371 huius
1236 1343 1343 1371 tei-rae
1370 1339 1466 1372 fiores

283 1387 397 1425 Terra,
419 1387 459 1419 de
477 1397 538 1428 qua
555 1388 703 1422 Christus
720 1391 826 1428 natus,
939 1387 1080 1419 Fructus
1109 1387 1233 1419 dabunt
1260 1393 1290 1419 et
1319 1389 1456 1421 honores

331 1435 447 1476 Campi
474 1436 533 1468 flos
561 1436 803 1477 quaerentibus.
989 1437 1057 1468 Sibi
1086 1437 1313 1470 servientibus

192 1511 252 1542 62.
281 1509 372 1540 Tune
393 1512 468 1541 sunt
483 1519 585 1550 aquae
601 1513 826 1552 congregatae,
849 1509 908 1543 6b.
938 1510 1007 1541 Nec
1034 1514 1081 1541 est
1109 1510 1178 1541 sine
1208 1510 1382 1549 prophetia

279 1558 416 1598 Quando
443 1559 535 1598 virgo
562 1559 685 1598 pietate
937 1558 1062 1590 Nomen
1090 1558 1225 1599 virginis
1255 1559 1381 1590 Maria:

328 1607 490 1647 Impletur
516 1611 546 1638 et
574 1608 698 1648 gratia3
986 1608 1098 1647 Aquas
1124 1611 1229 1641 vocat,
1259 1608 1372 1641 maria.

194 1680 253 1712 7a.
282 1678 308 1712 O
334 1679 453 1717 Maria,
482 1680 578 1721 placa
605 1688 704 1721 mare,
850 1680 908 1714 7b.
937 1680 1053 1712 Trahit
1078 1680 1230 1719 mundus,
1259 1681 1349 1721 angit
1376 1691 1462 1723 cam,

281 1729 422 1768 Propter
448 1738 565 1761 nomen
591 1729 757 1770 singulare
937 1730 1082 1761 Daemon
1094 1733 1231 1768 temptat
1244 1729 1483 1769 sic‚quodraro

326 1777 407 1810 lube
433 1777 668 1811 obmutescere.
988 1779 1095 1810 Potest
1122 1778 1194 1818 quis
1221 1779 1398 1818 quiescere.

190 1850 250 1884 8a.
278 1849 377 1891 Ergo,
405 1855 519 1891 mater,
540 1860 579 1882 ne
598 1861 656 1884 nos
674 1859 822 1890 spernas,
848 1851 908 1884 8b.
937 1852 1029 1892 Quod
1056 1852 1083 1884 si
1111 1851 1201 1891 virgo
1228 1861 1285 1883 nos
1315 1850 1447 1889 refutas,

278 1899 364 1930 Tuos
386 1897 515 1942 fratres,
539 1900 614 1932 dum
636 1901 693 1932 hos
709 1909 822 1932 cernas
934 1902 1003 1940 Quo
1018 1901 1203 1932 transibunt
1217 1899 1345 1941 fratres,
1364 1901 1481 1940 putas?

325 1948 372 1980 Te
399 1949 542 1981 colentes
569 1949 686 1988 hodie3
981 1951 1035 1982 Ad
1063 1950 1243 1990 gehennam
1272 1951 1393 1989 utiquo.

188 2022 250 2056 9a.
278 2021 364 2053 Hinc
390 2026 436 2062 tu,
464 2026 568 2054 mater
595 2023 717 2056 Christi
745 2023 809 2064 pia,
842 2022 905 2056 9b.
933 2024 1031 2064 Apud
1042 2024 1218 2063 Christum,
1231 2027 1375 2054 nostrum
1389 2028 1527 2065 patrem,

276 2069 398 2103 Nostra
425 2071 523 2112 salus⁷
549 2081 568 2104 o
595 2072 713 2114 Maria,
930 2074 977 2105 Te
1006 2072 1203 2104 monstrabis
1231 2080 1301 2102 esse
1328 2076 1464 2103 matrem

324 2120 362 2153 In
389 2120 474 2152 omni
503 2121 660 2161 periculo,
980 2122 1017 2153 In
1046 2120 1159 2153 mortis
1186 2120 1336 2152 articulo.

254 2191 345 2220 Grad.
378 2202 429 2220 ins.
464 2192 655 2221 Calcariense
685 2202 763 2221 saec.
797 2192 842 2221 15.
891 2193 963 2221 Cod.
996 2193 1160 2221 Calcarion.
1198 2201 1220 2218 s.
1254 2200 1282 2218 11.
1316 2209 1350 2212 ›—
1383 2193 1529 2222 Melodie:

173 2232 386 2260 Iubilemus
408 2233 445 2260 in
466 2232 533 2260 hac
554 2233 612 2261 die
631 2233 635 2269 Ι
655 2234 766 2268 Quam
788 2234 942 2270 reginae
963 2232 1063 2260 caeli
1085 2233 1176 2267 piae.

628 2320 685 2352 112.
717 2319 759 2350 De
781 2319 881 2350 Beata
903 2318 1005 2349 Maria
1027 2317 1063 2347 V.

184 2393 243 2427 la.
270 2394 354 2433 Ave,
381 2393 484 2434 virgo,
512 2397 618 2426 mater
644 2392 717 2431 Dei,
892 2390 951 2424 1b.
981 2390 1059 2430 Nos,
1087 2388 1140 2429 qui
1168 2397 1277 2419 sumus
1303 2390 1418 2421 mortis
1445 2391 1503 2430 rei,

270 2442 359 2482 Quae
385 2451 420 2474 es
445 2446 578 2475 nostrae
605 2450 729 2474 summa
748 2441 819 2481 spei
979 2439 1166 2471 Mereamur
1191 2446 1251 2479 per
1278 2441 1310 2469 te
1337 2439 1410 2471 vehi

320 2492 420 2532 Apud
448 2495 539 2524 tuum
564 2491 687 2529 filium3
1028 2488 1081 2519 Ad
1110 2486 1192 2518 caeli
1218 2487 1386 2529 palatium.
