1654 2756
700 135 959 170 —248—

547 231 616 262 274.
658 231 702 262 De
723 239 747 262 s.
769 228 924 262 Ludovico
946 227 1109 260 'tolosano-

169 305 226 338 la.
260 304 336 337 Flos
363 309 451 336 ortus
476 303 562 334 iuter
587 302 668 341 lilia,
860 302 921 337 lb.
953 302 990 343 Ο,
1018 309 1112 341 quam
1142 298 1228 332 bella
1254 294 1420 343 s[ubtilia]

258 354 398 393 Quorum
425 351 520 384 radix
548 355 598 383 est
621 350 773 391 Francia,
953 349 1063 389 Novit,
1091 348 1181 380 carni
1207 347 1371 386 nocentia,

261 401 382 440 Quibus
409 399 529 441 fraglat
557 399 677 442 Sicilia,
953 398 1089 438 Spiritui
1115 397 1218 437 utilia,

260 449 454 490 Ludovions‚
482 448 567 480 vitae
593 448 656 490 via,
952 447 1014 480 Sua
1044 445 1138 478 fortis
1163 444 1311 481 audacia,

260 497 327 535 Quo
353 500 465 536 spreta
491 496 679 530 mundialia.
820 510 825 513 ·
952 494 1143 528 Laudabilis
1169 493 1302 525 militia!

260 545 390 584 Sprevit
417 541 524 589 [haec]
552 544 717 577 sensibilia
953 543 1012 578 Cui
1037 542 1164 583 gladius
1190 541 1337 584 scientia,

258 593 397 634 Sceptra
423 594 536 625 nolens
564 593 696 635 regalia,
952 592 1013 626 Cui
1039 593 1140 624 lorica
1164 590 1350 633 prudentia,

261 641 335 673 Iure
362 645 496 680 paterno
523 641 666 681 propria.
953 640 1054 673 Galea
1080 640 1257 680 sapientia;

259 690 322 722 Sed
350 689 512 722 Minorum
540 690 700 721 consortia
950 688 1072 729 Quibus
1098 688 1205 720 iacent
1231 686 1394 726 superbia.

258 738 329 769 Poli
357 741 489 777 captans
516 738 648 777 palatia.
953 736 1063 775 Livor,
1092 737 1178 779 gula,
1204 736 1333 767 luxuria

259 782 499 829 P[raeco]nizet
527 786 672 818 ecclesia.
951 785 995 817 Et
1019 785 1102 817 mala
1126 784 1257 824 quaevis
1285 784 1359 817 alia.

162 862 222 895 23.
253 861 446 894 Humilitate
473 863 615 902 praevia,
855 861 918 895 2b.
953 862 990 899 Ο,
1019 871 1111 902 quam
1140 859 1218 893 felix
1246 860 1401 892 memoria

259 910 425 950 Religione
451 910 549 947 socia,
951 910 1175 950 Relinquentis
1201 909 1242 941 ad
1270 910 1361 941 varia

258 958 400 998 Regeute
426 959 594 998 patientia.
951 958 1183 990 Miraculorum
1212 958 1342 989 bravia!

258 1005 446 1038 Devotionis
471 1007 585 1047 gratia,
952 1007 1045 1039 Omni
1072 1015 1166 1038 sensu
1193 1005 1350 1046 fulgentia

258 1054 293 1095 O,
322 1064 415 1094 quam
442 1056 523 1086 mira
549 1055 685 1086 victoria
950 1055 1152 1094 Reliquerat3
1181 1056 1269 1086 cuius
1297 1055 1350 1095 pia

257 1102 502 1141 Triumpbantis
529 1103 571 1135 ad
594 1102 673 1135 attia
949 1103 1052 1134 Prece
1077 1103 1200 1134 muniat
1226 1103 1330 1143 gloria

259 1149 317 1180 Dei
346 1159 443 1189 regna
470 1151 639 1182 caelestia!
954 1151 1018 1183 Nos
1045 1151 1179 1190 perenni
1206 1152 1309 1182 virtus
1339 1151 1403 1184 dia.

237 1224 319 1252 Orat.
346 1229 375 1252 et
396 1227 527 1261 sequent
553 1235 605 1253 ms.
627 1226 791 1261 campense
819 1227 889 1253 anni
920 1224 1004 1254 1462.
1026 1227 1099 1254 Codi
1123 1227 1344 1254 Darxustadien.
1366 1225 1433 1254 521.
1454 1241 1488 1246 —

161 1261 217 1291 22.
246 1261 264 1290 3
291 1264 334 1291 De
361 1268 457 1298 gente.
492 1279 527 1283 —
556 1263 616 1295 221,
645 1264 662 1291 5
690 1265 763 1291 altia
792 1264 939 1292 erscheint
965 1265 1057 1292 durch
1085 1266 1140 1292 den
1163 1267 1246 1293 Reim
1273 1265 1430 1301 gesichert.
1455 1280 1491 1285 —

161 1300 215 1333 21ι,
238 1301 255 1328 5
277 1303 452 1338 Reliqueras
475 1304 558 1329 cuius
582 1305 637 1338 pie.

584 1405 649 1436 275.
693 1406 733 1437 De
755 1414 778 1436 s.
802 1405 885 1446 Lupo
908 1406 1062 1438 Trecensi.

164 1475 224 1508 la.
255 1474 352 1507 Festa
380 1476 448 1506 dies
475 1476 587 1517 oritur,
854 1478 870 1510 1
887 1477 915 1508 b.
952 1478 1022 1519 Eia,
1053 1479 1147 1518 digne
1175 1479 1302 1511 colitur.

259 1524 369 1563 Lupus
396 1524 525 1563 praesul
553 1524 688 1556 moritur
949 1526 1045 1558 Cuius
1073 1528 1139 1559 vita
1168 1527 1306 1559 comitur

306 1572 424 1604 Vivens
450 1573 481 1604 in
511 1573 669 1612 supernis.
997 1575 1162 1606 Laudibus
1187 1577 1338 1608 aeternis.

164 1650 224 1682 2a.
256 1649 353 1681 Cuius
380 1654 468 1681 ortus
495 1658 533 1681 ex
561 1650 760 1681 Francorum
854 1651 916 1684 2b.
949 1651 1074 1683 Scholis
1103 1652 1199 1684 datur
1225 1652 1415 1694 peritorum,

258 1697 406 1729 Civitatis
433 1697 642 1730 Tullanorum
948 1700 1012 1732 Ubi
1039 1702 1126 1741 capit
1152 1700 1247 1732 flores
1274 1710 1397 1732 morum

305 1746 466 1777 Processit
492 1746 654 1787 progenie.
998 1748 1175 1781 Rhetorum
1203 1750 1357 1782 manerie.

162 1823 224 1855 3a.
256 1822 316 1853 His
341 1821 491 1862 perfusus
518 1823 688 1863 copulatur
853 1823 914 1857 3b.
949 1824 1078 1864 Septem
1106 1826 1209 1867 annis,
1237 1832 1271 1858 ut
1299 1831 1439 1859 testatur

258 1871 331 1902 Iure
358 1869 463 1910 plebis
490 1875 521 1901 et
540 1872 688 1903 hortatur
949 1874 1028 1905 Eius
1056 1875 1132 1916 vita,
1161 1880 1333 1908 coronatur

308 1919 418 1951 Nobili
446 1920 603 1960 coniugio.
998 1922 1166 1955 Castitatis
1193 1924 1322 1964 gaudio.

161 1997 222 2028 4a.
255 1999 282 2028 A
312 1995 445 2036 coniuge
471 1996 620 2036 virginali
853 1997 919 2030 4b.
952 2002 979 2031 A
1007 2001 1168 2032 conductu
1195 2000 1355 2041 coniugali

257 2044 378 2084 Fugam
406 2045 487 2084 petit
514 2049 545 2076 et
571 2046 697 2085 aequali
949 2047 1043 2080 Cedit
1070 2058 1129 2081 nec
1156 2059 1217 2082 uon
1245 2050 1387 2082 naturali

304 2094 397 2126 'stare
424 2102 531 2126 secum
559 2095 742 2134 proposit03
997 2097 1198 2130 Renuntians
1226 2099 1379 2132 dominio.

161 2173 222 2203 521.
254 2171 306 2202 Ab
330 2171 448 2204 abbate
474 2171 652 2210 Honorato‚
856 2172 919 2205 512.
952 2173 1115 2214 Quidquid
1144 2175 1241 2208 habet
1265 2178 1297 2209 in
1326 2182 1452 2222 parato,

261 2219 338 2252 Viro
364 2223 476 2252 sancto
503 2224 535 2251 et
558 2219 706 2260 probato,
951 2221 1015 2254 Dat
1042 2223 1151 2263 egenis
1178 2228 1210 2256 et
1235 2226 1367 2265 privato

303 2268 431 2300 Divinis
456 2267 622 2302 imbuitur.
1000 2270 1141 2303 Humilis
1167 2272 1324 2310 induitur,

161 2346 222 2379 Ga.
255 2345 449 2378 Trecassina
473 2345 566 2387 plebs
592 2349 707 2378 exorat
855 2346 920 2380 sb.
952 2348 1064 2387 Lupus
1090 2349 1178 2390 virgo
1204 2357 1311 2391 negat,
1339 2353 1460 2397 plorat,

255 2395 360 2426 Iesum
389 2395 551 2428 Christum
588 2399 619 2427 et
643 2394 796 2435 implorat
953 2396 1034 2428 Tale
1059 2407 1139 2430 onus
1166 2409 1239 2432 nam
1264 2401 1402 2443 ignorat,

307 2443 432 2485 Lupum
461 2440 548 2487 [sibi]
576 2443 769 2484 praesulari.
1002 2444 1138 2478 Demum
1167 2448 1242 2481 sinit
1270 2453 1430 2491 superari.
