1654 2756
721 142 962 178 ..75-

184 241 242 273 7a.
271 240 341 272 Hoc
367 242 539 281 septimum
565 239 717 280 gaudium
841 239 899 273 7b.
927 239 1017 271 Haec
1042 238 1234 280 quicumque
1258 239 1379 281 gaudia

317 298 379 319 non
407 293 454 320 est
481 299 541 328 par
565 287 710 330 alterius,
975 296 1058 328 puro
1084 288 1182 320 corde
1211 288 1341 330 dixerit,

269 337 404 374 Quando
430 337 491 368 Dei
517 336 666 376 genetrix
928 335 1018 368 Nihil
1045 335 1073 366 ei
1101 345 1235 368 nocuum

315 390 481 424 assumpta
507 383 655 423 superius
976 383 1054 424 quid
1080 393 1197 416 nocere
1221 385 1353 426 poterit,

366 432 502 464 Audivit
529 432 643 463 choros
662 436 695 463 et
712 441 807 464 sonos
1022 431 1114 470 Quia,
1133 433 1187 473 qui
1206 437 1341 465 matrem
1358 432 1508 470 honorat,

365 480 469 520 Super
478 480 665 520 angelorum
675 481 808 512 thronos
1022 481 1110 520 Quae
1123 491 1251 521 semper
1258 491 1318 521 pro
1325 480 1418 512 nobis
1424 482 1507 517 orat,

417 529 536 560 Videns
563 538 654 560 suum
682 527 793 569 filium,
1071 529 1159 561 Deus
1184 529 1302 561 reddet
1319 528 1470 560 meritum

416 576 617 609 Salvatorem
643 577 794 608 omnium.
1073 576 1135 609 Hic
1161 582 1193 610 et
1210 578 1244 609 in
1262 581 1468 617 perpetuum.

180 684 241 716 82.
269 682 408 722 Christe,
436 684 489 723 qui
516 693 573 715 nos
601 683 777 725 redemisti,
838 682 904 717 8b.
931 683 957 715 Ο
985 683 1104 721 Maria,
1132 688 1237 716 mater
1263 683 1396 720 Christi.

269 731 403 769 Quando
430 736 564 763 matrem
591 731 806 773 assumpsisti,
926 731 992 772 Tu,
1020 740 1102 771 quae
1129 732 1292 765 Christum
1319 731 1472 772 genuisti,

315 779 340 811 O
367 779 455 812 Deus
481 789 542 811 une
569 784 600 810 et
624 779 720 817 trine,
975 779 1086 810 Nostri
1117 780 1162 812 sis
1189 789 1311 812 memor
1336 780 1370 811 in
1395 778 1471 818 fine,

318 826 430 859 Nostri
457 828 500 859 sis
527 837 648 859 memor
673 827 706 858 in
733 826 805 859 fine.
977 827 1019 860 Ut
1045 827 1191 860 vivamus
1217 829 1287 859 sine
1312 827 1387 860 fine.

248 923 332 949 Miss.
354 930 406 947 ωε.
429 923 634 949 Modoetinum
656 931 732 949 saec.
756 920 834 949 ¹²³lu.
876 922 937 949 Cod
959 920 1056 957 Capit.
1077 921 1240 950 Modoetin.
1262 923 1289 949 D
1311 920 1407 948 4J111.
1443 922 1513 953 (Mit

170 961 321 990 Melodie.)
342 961 376 987 A.
398 975 432 978 —
455 962 538 988 Miss.
561 970 614 987 ms.
637 959 883 988 praedicatorum
905 969 981 988 saec.
1004 959 1048 987 15.
1086 960 1157 988 Cod.
1181 959 1428 997 Sangenovefian.
1451 960 1512 987 BBl

168 997 232 1027 IV⁰
255 998 298 1026 10.
321 1000 353 1026 Β,
378 1013 408 1017 —
435 1000 491 1026 Str.
513 998 531 1026 2
552 1000 647 1026 lautet
668 1001 698 1026 in
719 1000 759 1026 B:

179 1067 204 1085 a.
227 1058 325 1089 Pater,
346 1057 478 1089 verbum,
500 1059 622 1093 spiritus
878 1058 905 1085 b.
928 1059 970 1085 Ut
991 1057 1028 1084 ad
1050 1059 1133 1085 tuum
1157 1057 1275 1084 lihitum

227 1097 310 1122 Assit
332 1095 404 1122 mihi
426 1097 562 1127 caelitus.
927 1097 974 1123 Sit
995 1105 1045 1122 cor
1066 1105 1163 1124 meum
1181 1096 1323 1128 deditum,

230 1135 357 1169 Lingua,
380 1143 460 1162 mens
483 1139 511 1161 et
532 1135 660 1161 habitus,
926 1134 1063 1161 Reddens
1085 1135 1140 1162 tibi
1161 1135 1294 1162 debitum

267 1173 307 1199 Et
327 1176 368 1203 tu,
390 1174 477 1207 plena
498 1174 621 1208 gratiae.
964 1173 1078 1199 Laudis
1100 1177 1130 1200 et
1153 1173 1298 1200 laetitiae.

248 1237 300 1271 33,
325 1238 337 1265 1
365 1239 513 1267 Gaudium
542 1241 574 1266 B.
606 1254 642 1258 -
671 1238 721 1271 33,
744 1238 761 1265 3
787 1239 935 1267 adnuente
962 1239 1036 1266 fehlt
1057 1240 1089 1268 B.
1111 1255 1148 1259 —-
1167 1238 1220 1272 3³,
1241 1239 1260 1266 4
1281 1239 1375 1267 Corde
1403 1239 1509 1275 lingua

169 1287 242 1305 voce
264 1278 295 1304 B.
320 1294 353 1297 —-
383 1276 437 1310 3b,
459 1276 476 1305 3
497 1278 598 1305 dicens
631 1286 736 1305 serena
759 1279 781 1304 B
812 1292 849 1296 —
870 1277 923 1310 4b,
945 1276 962 1304 2
983 1279 1106 1313 praevia
1126 1279 1160 1305 A.
1183 1293 1215 1298 —
1237 1277 1288 1311 5a,
1313 1277 1326 1306 1
1350 1279 1391 1307 Ut
1413 1278 1446 1305 B.
1469 1292 1508 1296 —

170 1315 224 1348 Ga,
246 1314 264 1343 3
294 1316 405 1343 Videns
427 1319 461 1344 A.
483 1331 515 1336 —
545 1317 597 1346 tia.
618 1315 637 1343 4
659 1315 803 1343 solacium
831 1316 904 1343 fehlt
926 1318 957 1342 B.
980 1331 1016 1335 —
1046 1315 1097 1348 6³,
1119 1317 1137 1344 5
1158 1318 1194 1344 In
1218 1319 1280 1344 suis
1303 1318 1334 1345 B.
1357 1331 1394 1336 —
1415 1315 1468 1349 6b,
1491 1314 1509 1344 3

171 1354 290 1391 linguas
312 1364 404 1382 novos
427 1365 531 1383 sensus
553 1356 618 1388 AB;
642 1356 681 1381 ist
703 1363 797 1390 gegen
818 1355 875 1382 den
896 1356 989 1382 Reim.
1013 1371 1048 1374 —
1069 1353 1122 1388 7³,
1144 1355 1161 1383 5
1183 1365 1227 1392 sq.
1250 1356 1352 1384 lauten
1373 1356 1507 1383 entstellt

170 1394 201 1420 in
225 1395 259 1420 B:

633 1441 726 1468 Audit
747 1441 852 1469 choros
875 1446 903 1468 et
924 1442 1046 1468 thronos

631 1480 763 1516 Angelos
787 1484 875 1516 atque
898 1489 994 1507 sonos.

171 1548 222 1581 7a,
244 1551 261 1576 δ
284 1549 452 1577 Creatorem
474 1550 506 1576 B.
529 1564 566 1567 —
588 1548 641 1582 7b,
663 1547 681 1576 3
702 1549 822 1575 noxium
844 1548 877 1575 B.
900 1562 936 1566 —
957 1547 1009 1579 Ἠ),
1033 1547 1048 1574 7
1071 1549 1152 1576 Dans
1175 1550 1233 1576 sibi
1256 1551 1388 1585 praemia
1409 1550 1443 1576 B.
1466 1563 1503 1567 —

173 1587 258 1621 71>ss
280 1588 395 1615 Reddat
417 1589 447 1614 in
464 1588 497 1614 B.
519 1602 555 1606 —
578 1589 634 1615 Str.
657 1585 699 1614 8³.
721 1587 779 1614 und
801 1585 843 1614 8b
865 1587 962 1613 fehlen
979 1587 1011 1613 B.
1033 1601 1069 1604 —
1091 1584 1143 1618 8³,
1158 1588 1176 1613 :5
1198 1590 1273 1614 trine
1297 1592 1325 1615 et
1348 1597 1407 1615 une
1423 1588 1456 1614 A.
1474 1605 1505 1607 —

172 1627 239 1662 vgl.
261 1626 314 1653 das
336 1627 509 1662 Reimgebet
529 1626 665 1662 gleichen
688 1625 838 1660 Anfanges
860 1626 891 1651 in
913 1625 998 1652 Anal.
1015 1626 1116 1660 Hymn
1142 1627 1253 1658 XXXI,
1279 1625 1346 1659 152ς
1369 1627 1508 1654 letzteres

172 1665 289 1692 soheint
303 1666 368 1693 eine
383 1664 589 1700 Erweiterung
601 1664 811 1691 vorstehender
823 1664 957 1699 Sequenz
969 1673 1006 1691 zu
1018 1665 1093 1697 sein,
1108 1666 1202 1693 wobei
1215 1666 1266 1693 der
1279 1666 1504 1693 Parallelismus

174 1707 298 1731 zerstfirt
319 1703 426 1730 wurde.

383 1855 429 1886 66.
464 1856 523 1893 „De
545 1854 766 1894 Assumptione
792 1854 954 1894 gloriosae
975 1854 1119 1894 Virginis
1140 1856 1289 1887 Mariae.‘⁴

182 1960 242 1991 la.
268 1957 293 1989 O
320 1956 437 1996 Maria,
465 1957 513 1988 sol
539 1956 734 1996 splendoris,
879 1955 938 1988 lb.
967 1956 1012 1987 Te
1038 1966 1185 1996 rogamus
1212 1964 1322 1990 nostro
1348 1968 1448 2001 more,

268 2005 450 2045 Splendens
476 2005 573 2044 intus,
602 2005 706 2035 nitens
728 2002 808 2036 foris
966 2005 1012 2038 Ut
1038 2005 1182 2038 illustres
1208 2016 1266 2038 nos
1293 2007 1469 2047 splendore

318 2053 369 2085 Ad
398 2054 495 2085 decus
522 2053 687 2084 ecclesiae.
1013 2054 1102 2085 Tuae
1131 2055 1234 2087 dulcis
1260 2056 1394 2096 gratiae.

184 2164 240 2196 23.
269 2162 317 2194 Tu
342 2160 536 2193 flammantis
563 2160 610 2192 sol
637 2159 764 2191 ardoris
877 2158 935 2192 2b.
964 2160 1136 2193 Coronat-is
1162 2161 1347 2203 sublimata,

269 2210 422 2242 Fundens
449 2209 608 2241 scintillas
633 2208 752 2240 amoris
966 2208 1146 2249 cumulata,
1175 2210 1323 2242 debriata

318 2259 355 2290 In
380 2259 479 2291 caelis
507 2256 653 2290 mirifice.
1014 2257 1088 2287 Vini
1114 2258 1195 2290 meri
1222 2259 1333 2293 calice.

182 2367 242 2399 3a.
271 2366 319 2397 Tu
346 2374 380 2396 es
405 2366 482 2398 luna
506 2365 610 2397 noctis
636 2364 729 2396 huius
877 2362 936 2397 3b.
965 2364 1053 2402 Quae
1079 2364 1261 2398 clarescens
1290 2376 1365 2400 vero
1389 2369 1458 2401 sole

266 2414 418 2455 Pulchra,
428 2423 588 2455 crescens,
598 2413 706 2455 plena,
717 2412 807 2444 cuius
965 2412 1088 2444 Cuncta
1114 2412 1194 2446 facis
1222 2416 1434 2456 resplendere

317 2462 388 2494 Lux
416 2463 546 2503 eclipsis
573 2461 690 2504 nescia,
1016 2460 1106 2494 Caeli
1132 2463 1314 2499 luminaria.
