1654 2756
670 81 934 118 —258—

154 188 215 221 8a.
248 186 457 219 Sacramenta
484 185 559 216 dum
585 181 751 221 tractavit,

215 249 219 253 ·
247 235 352 276 Super
377 238 473 274 caput
499 231 645 264 rutilavit

295 284 376 316 Eius
405 282 519 323 globus
544 281 680 321 igneus3

156 373 218 406 9a.
250 372 315 402 Iste
342 369 433 401 fulsit
457 368 549 400 miris
574 367 675 408 siguis

251 418 412 460 Operibus
440 417 556 458 dignus
584 414 700 458 dignis,

298 468 437 507 Quorum
466 469 556 499 tanta
583 463 686 505 copia,

138 555 222 588 loa.
254 554 342 587 Urbs
373 553 522 593 Turonis,
549 551 627 584 urbs
652 550 758 592 beata,

254 602 351 634 Tanti
377 605 502 633 tantum
528 599 703 632 sublimata

306 650 437 682 Patroni
463 649 658 690 praesentia,

140 739 181 772 11
194 747 223 770 a.
255 737 280 769 Ο
308 737 461 775 martine,
490 735 670 768 Galliarum

260 785 377 823 Decus,
399 785 505 821 decor,
521 784 627 816 lumen
642 783 775 823 clarum,

306 834 380 866 Toti
406 832 525 864 mundo
552 832 709 873 cognitus,

853 176 918 212 8b.
946 175 1037 216 Ignis
1061 175 1168 216 ignem
1194 171 1356 214 figurabat

951 223 1115 265 Caritatis,
1141 231 1205 264 quo
1229 219 1390 263 flagrabat

999 272 1058 305 Vir
1082 275 1170 305 totus
1196 278 1379 311 empyreus

855 361 920 396 eb.
949 360 1042 401 Quod
1069 359 1199 392 deseret
1223 356 1421 389 referentem

954 409 1049 443 Prius
1075 417 1210 449 prorsus
1237 410 1270 438 et
1293 405 1453 446 legentem

1003 457 1092 499 Dies,
1120 465 1214 497 quam
1240 453 1387 487 materia.

837 547 880 579 10
895 544 927 578 b.
957 544 1029 577 Hoc
1055 542 1159 584 gaude
1184 541 1367 583 privilegio,

956 592 1063 626 Ceteri
1089 590 1282 624 secundario

1000 641 1052 673 Ex
1079 640 1172 672 huius
1199 637 1363 671 memoria.

837 731 879 764 11
894 729 926 764 b.
957 728 1184 761 Peccaminum
1210 730 1245 757 tu
1272 724 1398 758 veniam

957 776 1112 810 Obtineas
1138 779 1170 806 et
1196 775 1334 816 gratiam

1006 824 1108 857 Nobis
1135 823 1239 855 sancti
1265 821 1409 862 spiritus.

212 928 301 956 Grad.
336 937 388 955 ms.
422 927 545 956 Arnoldi
581 926 834 964 Aquisgranensis
869 932 947 952 saec.
983 920 1028 949 13.
1064 922 1105 948 in.
1137 920 1208 947 Cod.
1241 919 1336 955 Capit.
1368 918 1478 953 Aquis—

135 977 256 1004 grauen,
279 968 345 994 XII.

584 1051 649 1081 287.
691 1050 733 1081 De
755 1049 864 1080 sancto
884 1045 1030 1078 Martino.

169 1145 229 1177 la.
263 1143 438 1182 Erumptat
462 1144 494 1175 in
521 1142 671 1174 laudibus

316 1199 377 1222 vox
405 1191 497 1222 huius
524 1190 689 1226 ecelesiae,

172 1277 234 1309 2a.
265 1275 343 1307 Dies
370 1276 432 1308 ista
459 1280 644 1308 consecrata

319 1324 379 1355 sub
405 1329 496 1356 tanto
521 1324 674 1363 pontifice

272 1370 499 1405 Confessorem
526 1372 689 1404 decoravit

320 1419 497 1452 Martinum
526 1419 671 1460 mirifice,

178 1507 237 1540 321.
270 1507 386 1539 Coetus
411 1512 520 1538 noster
546 1507 603 1545 tib,
633 1511 737 1549 pater,

322 1554 531 1595 obsequendo
557 1556 688 1587 sedulus

274 1603 509 1643 Repraesentet
536 1603 737 1645 exponendo,

322 1660 415 1691 quem
449 1651 683 1683 conmmendat
715 1651 792 1682 titu-

557 1700 616 1731 lus.

180 1787 242 1818 4a.
274 1785 442 1816 Ambianis
468 1795 531 1817 non
558 1785 651 1817 sileat

326 1833 481 1865 virtutum
507 1833 655 1874 insignia,

278 1881 315 1913 In
343 1890 405 1921 qua
423 1887 565 1921 sanctus,
592 1881 668 1913 dum
685 1881 796 1914 finitur

325 1929 445 1962 saeculi
472 1929 596 1972 militia,

185 2019 244 2050 5a.
277 2016 337 2055 Qui
365 2016 503 2048 vivendo
526 2017 706 2048 catholicae

330 2064 415 2096 filius
441 2066 598 2097 eeclesiae

279 2113 440 2145 Arrianae
467 2123 529 2145 non
557 2113 720 2145 consensit

331 2162 486 2193 resistens
512 2161 680 2203 perfidiae.

188 2250 248 2283 6a.
280 2248 379 2291 Rapit
405 2250 469 2280 iter
495 2249 698 2287 Pictavense‚

333 2298 439 2330 tendit
466 2298 508 2330 ad
535 2298 707 2336 Hilarium,

287 2345 385 2378 Cuius
412 2355 468 2379 ore
493 2346 658 2379 sitibundo

336 2395 461 2435 quaerit
489 2395 742 2428 contubernium.

868 1142 885 1173 1
901 1139 933 1172 b.
965 1138 1154 1171 Gratuletnr
1179 1136 1282 1168 omnis
1309 1135 1389 1168 ordo

1014 1186 1153 1218 filiorum
1179 1184 1313 1226 gratiae.

871 1273 935 1307 2b.
968 1273 1028 1311 Qui
1054 1273 1187 1304 sortitus
1213 1272 1246 1302 in
1270 1271 1330 1302 hac
1357 1270 1409 1302 die

1013 1320 1196 1352 sanctitatis
1223 1320 1373 1350 meritum

969 1370 1041 1411 Ore,
1070 1377 1166 1400 manu
1192 1367 1254 1400 sibi
1282 1367 1362 1399 caeli

1015 1415 1170 1457 patefecit
1197 1416 1330 1448 aditum.

875 1504 938 1538 3b.
971 1503 1056 1536 Nato
1082 1503 1143 1535 sibi
1172 1503 1240 1534 viro
1268 1502 1325 1534 tali

1017 1552 1157 1584 laetetur
1183 1550 1329 1591 Sabaria,

969 1600 1116 1633 Educato
1141 1603 1235 1640 patre
1262 1603 1352 1631 tanto

1021 1648 1162 1689 gaudeat
1186 1647 1293 1680 Italia.

878 1785 942 1818 4b.
977 1784 1107 1817 Nudum
1134 1784 1226 1827 vidit,
1255 1784 1303 1815 cui
1332 1783 1424 1816 dedit

1024 1833 1122 1864 vestis
1149 1838 1274 1873 partem
1301 1832 1462 1876 mediam3

970 1881 1182 1919 condolebat,
1212 1890 1284 1913 cum
1310 1881 1454 1924 videbat,

1024 1929 1178 1969 pauperis
1204 1930 1357 1962 inediam.

887 2016 949 2049 5b.
969 2017 1065 2050 Hunc
1093 2016 1221 2048 illorum
1247 2017 1415 2050 infestavit

1030 2065 1131 2098 multa
1157 2067 1351 2106 persecutio,

956 2112 1086 2146 Infideli
1111 2114 1216 2145 locum
1244 2114 1348 2154 dedit,

1033 2162 1108 2194 dum
1137 2162 1276 2194 decessit
1303 2163 1379 2197 alio.

866 2247 928 2281 6b.
963 2248 1083 2282 Sancta
1118 2252 1230 2281 sancto
1257 2249 1377 2281 cedunt
1404 2254 1491 2290 voto,

1034 2296 1117 2329 fiunt
1144 2301 1259 2329 cuncta
1283 2307 1454 2340 prospera,

964 2345 1028 2378 Sed
1055 2345 1209 2377 virtutem
1235 2346 1370 2379 iunioris

1036 2395 1090 2427 vix
1116 2394 1235 2427 enodat
1260 2395 1367 2431 litera.
