1654 2756
738 165 904 200 —231
959 185 1003 189 —

273 259 358 287 Miss.
390 269 444 288 ms.
474 261 619 290 Scarense
649 271 726 290 saec.
757 261 799 290 15.
829 263 900 291 Cod.
930 263 1073 300 Upsalen.
1104 263 1135 291 C.
1165 262 1232 292 427.
1259 279 1296 283 —
1325 265 1386 291 Aus
1415 264 1547 300 gleicher

195 298 303 333 Quelle
324 300 374 327 bei
396 300 569 338 Klemming
589 302 645 335 111,
668 312 694 338 p.
718 300 756 330 84
777 311 843 338 sqq.
860 317 897 321 —
913 302 964 337 5b‚
992 302 1005 330 1
1029 303 1188 331 duscescit.
1210 318 1248 323 —
1269 301 1322 336 6b,
1348 301 1361 330 1
1386 305 1547 336 sciceram3

195 337 369 376 Klemming·
397 339 481 368 liest:
525 341 638 368 Vinum
659 350 744 369 sacer
764 342 918 369 invitasti!
941 358 977 362 —
1000 341 1060 374 6b,
1088 339 1106 369 3
1128 343 1329 379 Depellaque3
1361 343 1549 378 Klemming:

196 377 371 413 Depellans.
395 393 432 397 —
457 377 529 415 lob,
551 378 569 408 3
590 380 778 417 Klemming:
819 381 983 409 Transfert.

540 504 608 536 255.
640 505 728 536 Des.
750 504 890 536 Iohanne
912 504 950 536 de
973 504 1206 545 Bridlingtona.

613 595 671 628 la.
699 594 837 626 Iohanni
865 594 982 626 devota
1010 598 1117 626 mente

703 642 890 682 supplicent
917 642 1097 674 christiani.

903 739 967 772 2b.
1000 739 1173 779 Transisti,
1200 749 1264 772 non
1291 740 1427 771 moreris

999 788 1178 820 Exsultans
1204 789 1237 820 in
1263 788 1401 828 superis.

196 739 216 771 2
231 747 261 770 a.
293 737 390 769 Alme
415 742 530 778 pastor
554 739 674 781 ovium,

294 786 359 818 Per
383 789 416 817 te
443 787 504 819 Dei
532 786 634 819 filium

342 835 511 868 Placatum
538 836 679 868 sentiant

392 888 593 924 peccatores,

194 982 255 1014 3a.
288 979 472 1020 Splendens
499 982 532 1013 in
559 982 667 1021 patria

289 1029 360 1060 Iam
374 1028 578 1074 translatus[
631 1056 638 1063 .

340 1077 460 1110 Gratos
474 1083 566 1110 actus
580 1082 711 1110 nostrae
724 1078 841 1110 mentis

341 1125 409 1158 Fac
435 1128 468 1158 in
496 1130 673 1168 conspectu

387 1174 509 1206 Christi
535 1175 708 1215 surgentis.

190 1272 254 1304 4a.
287 1271 368 1303 Esto
395 1271 489 1304 nobis
516 1272 568 1304 via
595 1272 691 1314 vitae,

288 1319 334 1352 Ut
361 1320 450 1352 dicat
480 1320 604 1361 Venite,

337 1368 422 1400 Dum
448 1369 529 1401 dicit
554 1369 605 1401 Ite

386 1417 516 1450 Turbae
543 1417 665 1451 fallaci.

1050 836 1113 869 Ubi
1142 847 1212 868 cum
1241 837 1364 877 angelis

1097 894 1215 926 regnas
1243 886 1346 918 vivus.

902 983 965 1015 3b.
998 983 1115 1015 Procul
1142 983 1228 1022 pelle
1254 986 1363 1022 pestes

998 1031 1041 1062 Et
1069 1031 1110 1062 da
1136 1032 1256 1063 luctum
1284 1034 1316 1062 et
1343 1034 1460 1071 vestes,

1048 1079 1148 1111 Exuti
1173 1080 1280 1111 carnis
1304 1079 1446 1110 tunicam

1048 1128 1141 1159 Laeti
1169 1132 1314 1167 petamus

1097 1175 1289 1208 Galilaeam.

901 1271 965 1304 4b.
997 1270 1123 1303 Scimus
1151 1273 1252 1303 civem
1280 1275 1312 1302 te
1340 1271 1513 1302 caelestem

997 1321 1036 1352 In
1063 1320 1162 1352 caelis
1189 1320 1353 1360 gaudere:v

1048 1368 1115 1400 Nos
1142 1369 1377 1409 supplicantes,

1096 1417 1204 1459 Pater,
1233 1421 1335 1449 tuere.

266 1513 351 1539 Miss.
374 1521 428 1539 ms.
445 1513 672 1540 Sarisburiense
696 1522 773 1540 saec.
797 1511 833 1540 15
854 1514 885 1540 in
902 1512 963 1540 cod
979 1513 1116 1540 Oxonien
1134 1512 1227 1541 12007
1242 1514 1347 1544 (Rawl.
1364 1514 1395 1540 (³.
1421 1511 1493 1543 14⁴2).
1510 1527 1546 1531 ——

189 1551 217 1577 M
225 1551 336 1578 elodie:
357 1551 545 1579 victimae
561 1560 648 1588 pasc
657 1551 675 1578 h
685 1553 720 1579 al
730 1553 750 1580 i.
762 1567 798 1571 —
811 1553 867 1579 Die
880 1551 1033 1579 Abschrift
1045 1552 1182 1589 besorgte
1194 1554 1265 1580 Rev.
1279 1553 1315 1580 H.
1325 1553 1365 1579 M.
1376 1553 1543 1579 Bannister.

568 1675 637 1707 256.
670 1675 712 1706 De
736 1684 760 1706 s.
782 1673 922 1707 Iohanne
945 1675 1167 1715 Evangelista.

187 1767 246 1799 la.
280 1766 383 1806 Regia

282 1815 358 1847 diva
385 1818 460 1848 tuae
489 1816 569 1848 sorti
594 1820 696 1857 patet,

282 1864 370 1896 cultu
397 1864 452 1905 pio

282 1911 506 1956 praefulgens,
534 1915 641 1955 gratia

181 2012 242 2044 2a.
277 2009 427 2042 Secludis

279 2063 397 2092 cuncta
423 2060 503 2092 vitia

278 2108 417 2150 metica,

279 2157 422 2195 caenica,

278 2206 526 2247 hypocrisitica,

178 2305 241 2338 3³.
274 2304 375 2346 Virgo
403 2304 505 2350 duplo
531 2310 577 2347 tu,

277 2354 452 2396 Iohannes,
481 2355 537 2387 lux
561 2355 724 2396 theologa‚

273 2402 307 2434 in
330 2406 426 2444 patre
453 2404 587 2437 verbum
615 2404 709 2436 vides
736 2408 769 2436 et

275 2451 405 2484 intonas
431 2453 619 2486 hominibus

274 2499 354 2533 tuba
379 2501 544 2536 theorica:

899 1768 915 1801 1
930 1767 960 1800 b.
994 1767 1141 1808 Florida,

993 1815 1142 1849 roriferis
1170 1817 1346 1849 virtutibus

992 1865 1034 1897 ad
1062 1865 1184 1898 caelica

991 1914 1180 1954 pertingens
1207 1915 1345 1956 agmina.

894 2012 958 2047 2b.
990 2012 1136 2045 Includis

992 2065 1108 2093 cuneta
1132 2071 1266 2094 munera

989 2110 1111 2152 lucida,

989 2160 1094 2191 nitida

987 2213 1085 2248 atque
1111 2208 1268 2241 veridica.

893 2306 957 2340 3b.
994 2306 1051 2348 „In
1081 2305 1243 2346 principio

991 2354 1089 2394 filius,
1115 2355 1278 2396 sapientia

989 2407 1021 2435 et
1048 2403 1180 2436 verbum
1208 2408 1278 2436 erat
1307 2413 1378 2436 cum
1408 2405 1489 2446 Deo,

989 2456 1021 2484 et
1047 2452 1136 2485 Deus
1160 2457 1231 2485 erat
1256 2453 1402 2496 verbum,

989 2510 1049 2542 per
1075 2503 1162 2542 quod
1189 2506 1264 2535 sunt
1290 2502 1432 2536 omnia.“
