1654 2756
196 256 256 287 8a.

705 153 966 189 -268—

290 251 421 288 Solutus

291 303 454 342 corporeis
480 301 617 334 nexibus

289 354 408 390 quanto
435 351 523 382 vivat
549 349 656 380 verius

287 399 475 430 coniunctus
502 396 705 435 caelestibus,

194 487 213 518 9
224 495 251 517 a.
284 482 325 518 Et
351 485 475 516 meritis

290 533 425 564 eximius
452 533 483 564 in
512 531 620 571 terris,

289 585 472 613 sanctorum
499 580 605 612 socius

291 630 323 661 in
351 629 460 667 caelis,

290 677 435 718 Nicolae‚
461 687 519 709 nos
546 674 691 716 confove,

171 766 212 798 10
225 774 253 796 a.
284 764 392 795 Etiam
420 764 541 795 carnali

290 821 425 852 corpore
451 812 584 843 resoluti

289 860 469 892 sublimatis

290 908 379 939 caelo
406 909 596 941 consociari.

896 251 960 286 8b.

895 483 958 516 9b.

875 762 961 796 lOb.

991 247 1174 284 ‘restantur

990 297 1171 338 languiduli
1196 297 1337 338 sospites

991 355 1052 387 per
1078 344 1222 378 defluens
1248 345 1355 377 oleum

991 395 1080 427 illius
1107 403 1124 426 e
1150 394 1285 426 tumulo.

992 479 1059 522 Spe
1085 480 1201 523 solida,

991 531 1127 563 caritate
1153 530 1290 571 sincera,

992 578 1057 611 fide
1082 577 1269 610 firmissima

992 627 1148 659 bonorum

991 675 1151 716 possimus
1178 673 1299 706 fonte-m
1328 675 1444 715 visere,

994 761 1161 793 Laudibus
1188 760 1309 793 divinis

992 810 1112 852 iugiter
1135 809 1323 841 insistamus

990 858 1214 898 hymnizantes

993 907 1113 938 trinum
1140 915 1269 946 semper
1295 909 1325 936 et
1351 915 1459 938 unum.

249 995 330 1021 Misst
363 1003 414 1021 ins.
444 995 624 1022 Fabariense
651 1002 728 1019 ¹saec.
758 990 802 1019 13.
833 993 904 1020 cod.
927 993 1062 1020 Archivii
1085 992 1256 1028 Sangallen.
1278 992 1328 1018 VI.
1354 1007 1388 1011 -—
1410 991 1473 1023 Ga,
1497 990 1515 1019 3

173 1033 303 1059 tumidis.
326 1047 361 1050 —
383 1033 432 1064 (Aa,
458 1033 470 1060 1
495 1035 529 1060 In
543 1034 672 1064 meritis3
695 1033 819 1058 zerstort
840 1031 892 1058 das
908 1031 1118 1058 Akrostichon.
1134 1045 1169 1049 —-
1185 1029 1235 1061 93,
1258 1030 1275 1057 5
1289 1032 1460 1058 confovens.
1478 1045 1514 1049 —

176 1071 412 1098 Beachtensweit
444 1073 483 1098 ist
511 1072 562 1098 das
593 1072 623 1097 in
651 1074 823 1105 sequenzen
850 1075 942 1097 erster
970 1070 1091 1106 Epoche
1123 1069 1251 1097 fiusserst
1279 1069 1390 1097 seltene
1419 1069 1514 1097 Akro-

172 1110 306 1136 stichon:
331 1110 531 1143 „Nicolaus
553 1107 747 1136 antistes.“

199 1303 257 1334 la.

198 1486 260 1517 2a.

623 1222 689 1251 297.
732 1221 773 1252 De
795 1223 904 1252 saneto
926 1221 1061 1253 Nieolao.

290 1301 485 1344 Recordare,
514 1311 591 1342 grex
619 1301 735 1339 fidelis,

295 1348 433 1388 Nicolai,
461 1359 553 1390 quem
580 1350 612 1381 in
640 1349 737 1381 caelis

344 1397 473 1430 Clarum
501 1398 590 1430 dedit
618 1398 732 1437 gratia.

293 1484 433 1515 Lactans
460 1484 567 1523 coepit
591 1484 746 1525 ieiunare,

294 1531 475 1564 Lasciviam
503 1531 690 1563 refraenare

344 1581 492 1612 Amando
519 1580 648 1614 ieiunia.

199 1668 256 1699 321.
287 1666 383 1698 Dulci
410 1671 503 1707 gustu
531 1666 690 1706 capiebat,

199 1841 258 1871 4a.

199 2014 261 2045 5a.

197 2187 259 2218 fia.

200 2359 260 2392 7a.

292 1716 378 1754 Quae
405 1715 517 1746 auditu
543 1714 723 1753 hauriebat,

341 1762 459 1794 Divina
486 1763 623 1803 eloquia.

292 1839 412 1870 Earum
440 1840 527 1880 patri
549 1840 686 1872 consulit

296 1887 375 1918 Auri
400 1888 527 1928 pondo,
554 1888 640 1928 quod
668 1888 813 1928 contulit,

345 1935 447 1968 Levat
475 1936 515 1968 ab
542 1936 662 1976 inopia.

294 2012 464 2045 Promotus
490 2017 537 2045 est
568 2014 723 2045 divinitus

298 2060 422 2100 Elapsa
448 2071 526 2094 voce
552 2063 687 2094 coelitus

348 2110 377 2141 A
404 2110 465 2142 Dei
493 2111 675 2144 clementia.

294 2185 458 2227 Nicolaus,
486 2186 565 2219 felix
591 2188 698 2226 heros,

295 2233 462 2267 Liberavit
487 2240 553 2267 tres
581 2245 699 2277 pueros

347 2282 476 2315 Fraude
503 2289 614 2326 captos
640 2285 751 2325 impia.

293 2359 458 2393 Praesulis
485 2360 571 2394 fama
598 2362 736 2394 celebris

299 2407 451 2441 Obscuris
477 2410 557 2442 latet
583 2411 718 2443 latebris

348 2457 411 2489 Per
437 2462 553 2491 cuncta
580 2459 729 2493 confinia.

895 1301 957 1335 1b.

897 1484 960 1517 2b.

899 1668 957 1700 32.

901 1840 963 1875 4b.

901 2016 964 2048 5b.

896 2155 964 2224 bb.

906 2365 968 2400 7b.

989 1302 1052 1333 Hic
1078 1301 1119 1333 ab
1147 1301 1241 1333 aunis
1267 1301 1438 1334 iuvenibus

991 1350 1167 1381 Abstinens
1194 1349 1235 1381 ab
1261 1349 1416 1382 uberibus

1040 1398 1171 1439 Quarta,
1200 1402 1291 1429 sexta
1319 1396 1412 1431 feria.

995 1485 1070 1516 Post
1098 1483 1194 1515 libuit
1221 1483 1406 1525 addiscere,

991 1532 1098 1565 Menti
1123 1532 1225 1564 artius
1253 1533 1394 1565 condere

1042 1580 1226 1612 Literarum
1254 1582 1374 1614 studia.

990 1667 1070 1699 Tres
1098 1667 1239 1707 virgines
1265 1667 1427 1700 redimere

995 1715 1127 1747 Curavit
1153 1715 1224 1747 auri
1250 1717 1396 1755 pondere

1044 1764 1146 1804 Turpi
1170 1763 1210 1796 ab
1237 1762 1383 1799 infamia.

995 1841 1128 1873 Electus
1154 1841 1186 1872 in
1214 1840 1399 1881 pontificem

996 1889 1162 1922 Praesulis
1188 1890 1316 1922 scandit
1343 1892 1480 1932 apicem.

1045 1938 1154 1970 Prima
1180 1943 1293 1970 tenens
1320 1940 1441 1974 studia.

997 2015 1152 2047 Nicolaus
1180 2016 1278 2057 mitis⁷
1307 2017 1457 2061 blanduS,

998 2065 1132 2097 Praesul
1161 2065 1256 2105 digne
1280 2067 1520 2104 memorandus,

1046 2113 1123 2154 Agit
1149 2113 1325 2149 mirabilia.

999 2190 1165 2233 Nicolaus,
1193 2191 1263 2223 Deo
1290 2197 1397 2235 notus,

1000 2239 1046 2272 Ut
1070 2238 1178 2271 fidelis
1201 2244 1233 2271 et
1261 2240 1397 2274 devotus

1047 2288 1153 2320 Pollet
1178 2287 1212 2320 in
1239 2289 1388 2324 ecclesia.

999 2366 1028 2396 A
1057 2366 1180 2398 cunctis
1203 2365 1274 2399 fere
1299 2369 1450 2408 gentibus

1003 2414 1138 2455 Linguis
1165 2419 1300 2448 vocatur
1325 2418 1486 2463 omnibus,

1052 2463 1097 2495 Ut
1123 2461 1208 2496 ferat
1235 2465 1368 2499 auxilia.
