1654 2756
277 396 336 427 la.

278 590 340 621 2a.

279 782 340 816 3a.

275 1123 334 1153 4a.

271 1510 290 1539 0⁸
305 1516 333 1540 a.

270 1898 330 1930 Sa.

784 148 1048 185 —151—

678 285 740 317 160.
773 284 816 315 De
839 285 950 315 saneto
972 281 1085 314 Albino
1107 282 1144 314 M.

366 394 492 434 Lauda,
520 393 597 427 Sion
625 403 729 431 sacra.
758 393 862 425 Deum

366 442 475 483 Digna
501 443 599 475 laude
625 443 763 474 laudans
791 451 874 483 eum,

413 492 512 530 Quem
542 492 636 523 decet
659 490 824 532 laudatio3

368 589 434 620 Pro
460 588 626 628 triumpho
653 587 821 619 beatorum

366 636 552 676 Martyrum
580 640 611 667 et
638 639 862 676 protectorum

415 684 558 724 Speciali
585 684 701 724 gratia,

368 781 406 813 In
434 781 583 821 personis
610 781 714 813 Deum
742 781 862 812 trinum

365 829 596 862 Collaudemus
623 839 683 870 per
707 829 874 869 Albinum,

414 879 596 918 Martyrem
625 878 848 918 inagnilicun13

366 927 454 959 Deus
482 927 729 967 perlaudabilis‚

365 977 402 1008 ln
431 976 552 1007 sanctis
580 975 739 1006 mirabilis

413 1024 508 1055 Hunc
535 1028 710 1064 martyrem
740 1023 872 1064 exaltat,

365 1120 484 1151 Clerici
512 1119 598 1159 quod
626 1119 732 1151 hausit
760 1128 827 1158 ore,

367 1167 514 1207 Hospitis
541 1177 637 1207 quem
664 1168 754 1207 pavit
782 1176 870 1199 more

412 1216 548 1248 Pietatis
575 1215 695 1248 studio.

304 1325 332 1346 a.
361 1313 430 1351 Quo
450 1311 617 1344 confessus
635 1312 755 1344 Christi
775 1312 884 1352 fidem,

362 1361 471 1401 Plagis
487 1370 611 1399 caesus,
627 1365 690 1392 stat
708 1364 740 1392 ut
756 1361 884 1401 pridem

410 1410 519 1441 Animi
547 1410 750 1451 constantia3

363 1507 510 1538 Tandem
538 1506 654 1538 ductus
684 1507 840 1538 decollari

361 1555 492 1589 Undam
518 1555 602 1587 vidit
629 1555 787 1587 exsiccari

410 1604 491 1635 Eius
519 1603 578 1635 sub
608 1604 762 1644 vestigiis.

364 1702 478 1733 Lictor
496 1705 631 1742 stupens
647 1701 750 1733 Deum
767 1701 882 1742 credit,

359 1750 474 1783 Lictor
486 1749 596 1782 furens
609 1755 754 1781 sanctum
763 1750 881 1789 caedit,

408 1799 523 1840 Capite
551 1799 774 1839 praeciditur3

359 1896 472 1928 Lictor
497 1897 590 1937 prior
617 1896 809 1938 decollatur,

358 1947 504 1985 sequens
531 1955 608 1978 vero
635 1947 805 1978 mutilatur

408 1994 631 2027 Membrorum
660 1995 798 2028 excidio.

266 2098 327 2126 tta.
355 2093 461 2133 Quare
487 2092 586 2125 iudex
614 2093 645 2124 vi
671 2102 828 2124 uovorum

242 2340 284 2372 10
300 2349 328 2372 a.

361 2141 534 2174 Perculsus
563 2141 791 2173 miraculorum

359 2191 437 2223 Mox
467 2191 607 2223 cessavit
632 2201 652 2223 a
679 2196 864 2223 sanctorum

409 2240 498 2272 Nece
524 2249 563 2272 ac
589 2241 736 2274 saevitia.

356 2339 493 2371 Romam
521 2344 615 2371 ornat
643 2338 827 2379 Britannia,

356 2389 420 2421 Per
447 2388 584 2421 Romam
611 2387 809 2420 Alemannia

357 2437 469 2470 Claret
498 2441 529 2469 et
555 2437 588 2468 in
614 2436 776 2470 Teutonia

406 2486 616 2518 Praecellens
643 2484 790 2524 Colonia,

983 392 1043 425 lb.

983 586 1042 620 2b.

982 779 1044 814 3b.

981 1118 1041 1152 4b.

980 1312 1039 1346 5b.

981 1506 1044 1539 61).

978 1700 1038 1734 7b.

977 1896 1040 1930 8b.

978 2093 1037 2128 9b.

954 2338 995 2370 1⁴)
1008 2337 1038 2370 b.

1071 392 1125 423 Sic
1149 393 1319 424 laudemus
1346 392 1400 432 pio
1428 400 1527 431 more,

1068 440 1118 471 Ne
1146 441 1312 474 discordet
1338 450 1428 472 mens
1456 440 1497 472 ab
1524 449 1579 471 ore

1121 489 1266 522 Psallens
1295 489 1356 521 Dei
1384 488 1450 520 filio

1071 587 1156 625 Quos
1183 596 1243 627 pro
1270 586 1334 618 fide
1363 587 1568 618 decertantes

1070 634 1114 666 Et
1141 636 1174 666 in
1201 635 1266 667 fide
1294 635 1533 675 triumphantes

1122 683 1212 717 Caeli
1240 682 1329 716 fovet
1356 684 1455 715 curia.

1073 780 1303 813 Britannorum
1332 780 1543 821 primitivum,

1074 828 1289 861 t'onfitentem
1318 829 1420 860 Deum
1450 829 1554 861 vivum

1121 878 1184 910 Per
1208 877 1342 909 verbum
1370 877 1531 911 deificum.

1071 925 1133 958 Dei
1162 927 1294 959 verbum
1323 927 1454 966 veritas,

1071 974 1139 1012 Quo
1166 973 1297 1014 fugatur
1324 973 1461 1012 falsitas,

1120 1021 1273 1055 Sanctum
1309 1023 1393 1054 hunc
1420 1023 1592 1063 illuminat,

1071 1118 1169 1151 Cuius
1196 1123 1300 1150 tectus
1328 1119 1518 1150 indumento

1070 1166 1149 1198 Cum
1176 1167 1253 1198 fidei
1281 1172 1485 1199 sacramento

1119 1214 1160 1248 Se
1186 1216 1289 1247 tradit
1316 1216 1448 1253 iudicio,

1068 1311 1180 1353 Neque
1208 1313 1302 1344 minis
1331 1313 1491 1344 deterreri

1071 1362 1181 1393 Potest
1208 1371 1312 1401 neque
1340 1362 1519 1394 demulceri

1119 1409 1240 1442 Iudicis
1268 1411 1434 1443 instantia.

1072 1506 1195 1539 Montis
1220 1507 1327 1538 tendit
1353 1507 1385 1538 in
1413 1515 1578 1545 cacumen,

1068 1558 1136 1594 Quo
1172 1556 1324 1595 producit
1350 1564 1447 1595 prece
1474 1555 1591 1587 fiumen

1121 1603 1188 1636 lum
1215 1603 1333 1635 florens
1362 1604 1529 1644 prodigiis.

1067 1701 1126 1733 Cui
1153 1711 1243 1734 mora
1269 1702 1332 1733 iam
1360 1701 1518 1739 abscedit,

1066 1750 1149 1782 Nam
1174 1751 1318 1782 vindicta
1338 1760 1412 1782 mox
1432 1750 1589 1789 succedit7

1115 1799 1198 1832 Dum
1226 1800 1314 1832 visus
1342 1800 1468 1831 eicitur.

1068 1897 1169 1938 Aegri
1197 1898 1307 1938 plures
1336 1898 1577 1933 convalescunt.

1067 1946 1111 1978 Et
1137 1947 1276 1978 virtutes
1303 1948 1577 1986 percrebrescunt

1116 1994 1235 2028 Divino
1261 1995 1441 2035 praesidio.

1067 2093 1162 2125 Felix
1190 2102 1267 2134 ergo
1294 2093 1499 2134 martyrium,

1066 2143 1130 2174 Per
1157 2142 1243 2181 quod
1271 2140 1361 2172 furor
1387 2142 1566 2183 gentilium,

1067 2190 1241 2222 Tortorum
1270 2190 1487 2229 horribilium,

1117 2238 1231 2271 Cessat
1257 2238 1318 2270 Dei
1346 2239 1462 2278 gratia.

1067 2338 1155 2376 Quae
1182 2337 1304 2369 laetata
1330 2337 1390 2369 hoc
1416 2341 1555 2378 patrono

1066 2385 1109 2417 Et
1138 2385 1242 2418 ditata
1271 2389 1361 2418 tanto
1389 2386 1474 2419 dono

1066 2434 1197 2466 Laudes
1224 2435 1343 2467 reddat
1360 2445 1484 2468 summo
1505 2436 1588 2469 bono

1116 2482 1246 2516 Christo
1273 2493 1333 2525 per
1360 2486 1547 2526 praeconia.
