1654 2756
694 130 964 165 —220—

161 232 220 263 5a.
253 230 356 262 Tuum
374 230 416 262 ad
440 230 611 269 imperium
852 226 920 262 5b.
948 226 1067 260 Matris
1091 234 1211 267 augens
1237 223 1391 264 gaudium

256 279 411 311 Tremens
438 278 520 317 fugit
545 277 695 318 anguium
949 274 1119 309 suscitasti
1147 274 1247 306 tilium

256 326 374 358 Incolis
400 326 581 358 nocentium
947 324 985 356 In
1011 327 1186 364 conspeetu
1211 320 1355 363 gentium

308 375 503 406 Praesentia.
998 372 1098 404 Prece
1125 371 1187 412 pia.

159 452 219 485 Ga.
253 451 330 482 Cum
357 455 402 482 tot
429 452 522 491 signa
547 450 674 490 feceris,
850 448 914 484 6b.
946 449 1005 488 Qui
1033 453 1104 481 tuos
1130 456 1193 479 uon
1221 446 1355 485 deseris,

255 499 336 533 Lux,
366 499 483 531 Hilari⁴
511 499 638 533 sideris,
950 497 1027 535 Fac,
1055 497 1224 535 iungamur
1249 493 1387 534 superis

258 546 441 587 Suffragare
467 547 592 579 miseris
950 545 1071 585 Quibus
1098 543 1215 584 gaudet
1242 542 1384 574 aetheris

303 595 420 627 Mortis
446 596 536 628 hora.
999 593 1086 626 Urbs
1114 592 1244 624 decora

236 670 320 699 MiSS.
349 679 399 698 ms.
431 670 598 706 Ξεηᾱίωμ
587 672 700 698 sianum
730 679 807 697 saec.
839 667 881 697 15
904 668 974 697 Cod.
997 668 1073 695 Bibl
1095 668 1215 696 Nation.
1238 667 1300 693 Art
1323 664 1490 693 Londinen.

161 707 235 736 1346
259 707 315 739 (18.
344 708 369 734 3.
398 707 453 740 91).
475 723 509 727 —
533 708 587 738 -5a
611 707 628 736 2
649 711 779 746 agnium.
804 723 841 728 —
863 706 921 738 5b
943 706 961 735 :3
982 707 1163 742 conspectui.
1186 709 1223 724 ’-
1245 705 1373 732 Melodie
1394 703 1490 730 wahr-

163 747 337 774 scheinlich:
350 748 487 775 Mariae
499 756 709 782 praeconio
721 749 825 775 -Die
834 745 987 774 Abschrift
999 745 1134 781 besorgte
1143 745 1214 772 Rev
1223 744 1261 772 H.
1271 744 1310 770 M.
1321 743 1490 770 Banm'ster.

586 845 656 877 243.
686 845 730 877 De
751 847 863 876 sancto
886 843 1064 884 Hippolyto.

163 921 219 954 la.
252 921 436 953 Laudemus
462 931 571 953 omnes
598 921 770 954 Dominum
853 920 916 954 1b.
948 918 1107 952 Affectum
1135 919 1243 950 cordis
1270 912 1448 960 [intimum]

305 968 342 1000 In
368 971 488 1002 sanctis
515 970 700 1009 gloriosum,
998 967 1166 999 solventes
1193 966 1378 1007 gratiosum.

160 1047 219 1079 2a.
252 1046 442 1077 Imniensarn
470 1047 608 1086 regentis
854 1044 916 1078 2b.
949 1044 1008 1084 Qui
1036 1044 1088 1084 pie
1117 1043 1281 1075 credentis

303 1094 436 1126 Caelum
462 1098 645 1134 terramque
1005 1091 1130 1132 Corpus
1156 1101 1212 1123 cor
1237 1099 1362 1130 quoque

354 1142 550 1173 Veneremur
576 1142 763 1182 potentiam,
1045 1139 1242 1172 Corroborat
1259 1148 1319 1178 per
1339 1138 1490 1179 gratiam.

158 1217 218 1250 3a.
253 1218 351 1249 Cuius
377 1218 527 1249 maiestas
850 1217 913 1250 3b.
944 1218 1044 1257 Quem
1073 1217 1269 1248 Laurentius

306 1269 465 1297 errantem
494 1265 704 1305 Hippolytum
996 1264 1120 1304 legibus
1146 1263 1339 1303 implicitum

305 1316 333 1345 A
362 1314 449 1344 cultu
476 1313 663 1345 daemonum
997 1312 1143 1344 Salubris
1170 1312 1246 1343 fidei

354 1361 514 1393 revocavit
526 1374 533 1401 3
1046 1360 1236 1400 baptizavit.

159 1440 218 1470 4a.
250 1438 324 1469 Post
357 1437 485 1469 Christo
851 1437 914 1471 4b.
950 1436 1009 1476 Qui
1038 1436 1144 1468 verbis

302 1490 434 1517 renatus
460 1485 594 1525 rapitur,
996 1493 1055 1516 nee
1082 1485 1175 1516 minis
1202 1483 1354 1516 flectitur.

255 1534 402 1566 Caesaris
948 1533 1013 1566 Sed
1040 1537 1190 1565 constans

300 1581 400 1622 iniqui
426 1581 552 1613 sistitur
996 1581 1028 1612 in
1055 1581 1120 1613 fide
1146 1581 1296 1613 redditur

351 1630 568 1661 Praesentiae.
1046 1630 1111 1669 Spe
1137 1629 1270 1669 gloriae.

161 1708 219 1738 5a.
254 1705 313 1738 Cui
339 1705 443 1744 inquit
468 1705 586 1744 impius
851 1705 915 1739 5b.
954 1705 1058 1748 „Num
1085 1714 1197 1745 magus
1222 1703 1374 1736 efficeris.

257 1753 309 1784 Ira
337 1751 474 1784 fremens
502 1752 619 1784 Decius
949 1753 1009 1794 Qui
1035 1757 1175 1785 actorem
1203 1753 1335 1784 sceleris

307 1802 343 1832 In
363 1805 536 1840 conspectu
554 1802 790 1840 praesentium:
998 1801 1151 1841 Sepelisti
1178 1801 1387 1833 Laurentium
1399 1800 1434 1832 ?“

164 1880 226 1911 62.
258 1876 348 1908 Tunc
375 1876 497 1908 Christi
527 1877 728 1917 triumphans
853 1878 917 1912 6b.
953 1878 1045 1921 „Non
1072 1887 1194 1919 maguS‚
1219 1878 1277 1910 sed
1305 1878 1426 1911 Christi

304 1925 474 1965 respondit
500 1924 709 1966 Hippolytus,
999 1936 1111 1959 servus
1137 1936 1204 1958 sum
1232 1927 1402 1967 sollicitus,

304 1973 377 2005 Non
405 1982 524 2012 poenas
550 1981 728 2013 pavescens
997 1976 1059 2014 Qui
1085 1984 1202 2014 corpus
1228 1976 1359 2007 humavi

353 2021 500 2062 martyrii
511 2031 517 2051 :
1047 2022 1250 2056 Laurentii.“

165 2101 181 2132 7
196 2110 224 2132 a.
254 2099 333 2130 Mox
359 2103 517 2139 tyrannus
542 2097 672 2130 fervens
854 2099 917 2133 7b.
949 2100 1083 2133 Iubetur
1108 2104 1185 2141 post
1208 2104 1333 2141 martyr

306 2146 425 2178 furoris
452 2146 587 2185 facibus,
997 2149 1071 2180 exui
1097 2148 1252 2190 vestibus,

258 2195 314 2226 Vir
340 2196 538 2235 sanguinum,
567 2193 690 2227 foetens
950 2197 1028 2228 Cum
1056 2196 1163 2228 cardis
1189 2197 1335 2236 torqueri

307 2243 472 2275 criminum
501 2243 663 2277 sordibus,
1000 2243 1130 2276 fustium
1158 2244 1296 2282 ictibus:

255 2291 298 2324 Os
326 2292 446 2326 Christi
472 2291 584 2323 militis
950 2292 1011 2332 Qui
1036 2294 1135 2324 tantis
1161 2292 1284 2325 moveri

303 2339 466 2380 lapidibus
998 2339 1188 2373 verberibus

309 2389 453 2429 Imperat
477 2389 620 2430 graviter
1000 2389 1059 2421 Vel
1085 2390 1198 2430 poenis
1224 2390 1368 2430 nequivit

352 2437 514 2469 contundi.
1047 2437 1213 2471 confundi.
