1654 2756
681 162 724 166 —
781 141 949 176 234—-

170 240 230 271 2a.
264 239 312 271 De
337 239 439 272 nobili
464 239 617 279 prosapia

266 287 316 319 Ex
341 287 421 319 urbe
446 287 621 320 Antiochia

313 335 415 368 Nobis
441 338 513 368 ortu
540 335 675 374 claruit;

171 428 230 458 3³.
263 427 347 459 Dum
374 426 511 458 mundus
538 426 600 458 sibi
626 426 746 467 floruit,

265 475 354 506 Tunc
380 473 500 506 mundo
518 474 655 507 mundus
675 476 779 516 aruit;

312 524 399 562 Quae
438 523 550 555 mundi
592 527 683 563 sunt,
727 533 781 556 ne-

555 571 677 612 gligens

168 663 229 693 4a.
266 662 390 694 Statum
419 662 560 702 quietum
587 662 731 703 deligens

265 710 307 742 Et
334 710 365 741 in
393 710 495 742 Deum
524 719 579 741 cor
606 712 731 751 erigens

311 758 409 790 Horis
436 760 525 790 stetit
551 759 704 800 singulis;

167 850 225 880 5a.
257 849 311 880 Ad
340 849 529 889 dignitatem
555 849 714 888 praesulis

261 899 289 928 A
317 896 443 928 clericis
469 902 499 928 et
526 898 656 937 populis

313 945 508 984 Assumptus
535 948 583 976 est
608 946 749 980 humilis,

164 1037 222 1067 Ga.
256 1036 370 1068 Pravis
398 1036 464 1067 vita
492 1036 670 1076 dissimilis,

263 1083 407 1116 Inimicis
433 1083 564 1115 odibilis

310 1131 450 1171 Propter
475 1131 577 1164 Deum
605 1133 746 1172 patitur3

165 1223 222 1254 7a.
254 1221 308 1253 Ab
333 1222 452 1253 invidis
480 1222 660 1262 despicitur

261 1270 302 1301 Et
330 1279 347 1300 a
374 1270 465 1301 bonis
493 1270 639 1310 diligitur

310 1318 449 1358 Propter
475 1319 565 1350 verbi
592 1319 738 1358 gratiam.

162 1409 223 1440 8a.
256 1408 340 1440 Casu
368 1408 495 1440 Cirinus
520 1409 662 1441 calcatus

262 1455 347 1487 Pede
375 1455 528 1496 febreque
554 1458 706 1489 multatus

307 1504 485 1544 Corruptus
511 1506 645 1538 interiit.

160 1595 219 1626 9a.
254 1594 316 1626 Hic
341 1595 429 1626 iuxta
456 1596 609 1636 templum
636 1601 774 1630 statuam

259 1642 402 1674 Stantem
427 1645 591 1684 Augustae
619 1644 739 1677 fatuam

305 1690 482 1730 Redarguit
510 1692 649 1731 publice.

136 1782 179 1813 10
195 1789 223 1811 a.
256 1780 357 1812 Simul
384 1785 415 1812 et
440 1781 687 1822 Macedonium

257 1828 332 1859 Post
360 1829 479 1868 lapidis
505 1830 699 1871 prodigium,

257 1876 347 1908 Sacri
375 1877 466 1916 panis
493 1880 691 1919 mysterium,

305 1925 415 1956 Credit
442 1934 523 1958 uxor
549 1928 685 1965 penitus.

135 2016 173 2047 11
187 2024 216 2048 a.
248 2016 285 2047 In
314 2015 423 2047 divino
449 2018 623 2058 spiramine

255 2062 298 2096 Os
325 2064 476 2096 Aureum
502 2067 700 2107 cognomine,

259 2112 416 2144 Iohannes
442 2113 547 2152 primo
573 2115 700 2147 nomine

300 2160 443 2192 Vocatur
468 2161 508 2193 ab
533 2163 691 2197 omnibus,

133 2246 176 2278 12
188 2254 217 2277 a.
251 2246 479 2286 Chrysostome
504 2249 654 2289 gloriose,

254 2294 372 2340 Sancte
399 2295 458 2327 Dei
484 2297 637 2339 pretiose,

253 2343 405 2376 Caritatis
433 2345 623 2386 viscerosae,

250 2392 319 2430 Qua
345 2391 476 2433 perfluis
503 2394 641 2435 copiose,

299 2440 366 2472 Nos
393 2441 511 2474 adiuva
536 2444 698 2485 precibus

869 238 933 274 2b,
965 237 1107 270 Scientia
1132 238 1234 270 multa
1263 236 1377 275 fretus,

965 285 1132 327 Sapientia
1157 286 1300 326 repletus

1013 334 1113 375 Quasi
1138 335 1187 367 sol
1212 333 1426 375 resplenduit.

868 426 931 461 3b.
964 427 1053 458 Vixit
1078 426 1112 457 in
1135 426 1332 458 abstinentia

961 476 1072 515 Atque
1097 475 1206 507 cordis
1232 473 1403 512 munditia,

1015 523 1206 555 Castitatem
1233 523 1381 563 diligens.

863 661 926 697 4b.
959 662 1166 703 Exemplaris
1192 662 1260 694 vita
1286 661 1357 702 fuit,

963 711 1080 743 Sanam
1105 711 1285 744 doctrinam
1313 711 1422 742 docuit

1009 759 1217 791 Sermonibus
1243 759 1376 791 sedulis.

863 849 926 883 5b.
958 848 1122 882 Sollicitus
1149 849 1267 887 officio,

958 897 1128 929 Discretus
1153 898 1186 929 in
1212 898 1333 930 iudicio

1007 945 1080 977 Non
1107 949 1177 978 erat
1205 949 1282 978 tunc
1309 946 1434 978 similis.

861 1036 923 1071 6b.
956 1037 1124 1069 Patienter
1151 1037 1232 1068 dura
1258 1036 1379 1078 ferens,

959 1085 1159 1125 Corrigendo
1186 1085 1309 1117 nullum
1336 1094 1454 1118 verens

1006 1133 1210 1165 Tremendus
1237 1132 1391 1167 efficitur.

864 1225 881 1257 7
894 1224 923 1256 b.
958 1224 1081 1256 Terrae
1098 1229 1215 1266 motus,
1236 1227 1311 1257 dum
1332 1226 1480 1266 pellitur,

955 1271 1026 1314 Fit,
1063 1276 1094 1303 et
1120 1273 1244 1313 grando
1271 1274 1480 1314 consequitur

1004 1320 1192 1352 Monstrans
1218 1321 1450 1354 innocentiam.

860 1411 920 1442 Sb.
954 1410 1076 1444 Saevus
1103 1412 1235 1452 quidam
1261 1412 1358 1444 morti
1384 1413 1479 1445 datus

956 1458 1066 1491 Sancti
1092 1469 1190 1499 prece
1216 1460 1375 1493 liberatus

1002 1508 1156 1540 Sanctum
1182 1509 1320 1541 laudans
1348 1510 1459 1542 rediit.

859 1598 920 1632 9b.
955 1597 1109 1639 Gamam,
1138 1600 1241 1632 virum
1268 1603 1478 1642 tyrannicum

954 1648 1003 1678 Ac
1030 1656 1219 1687 perversum
1246 1650 1461 1684 haereticum.

1003 1695 1172 1728 Convertit
1197 1697 1334 1729 mirifice

834 1785 876 1818 10
889 1795 917 1817 a.
951 1785 1036 1818 Hinc
1062 1796 1081 1817 a
1107 1787 1266 1821 Basilisco
1293 1790 1347 1829 pio

953 1833 1008 1865 Fit
1034 1834 1096 1866 sibi
1122 1837 1278 1870 revelatio

953 1881 1002 1914 De
1028 1885 1142 1915 mortis
1170 1885 1222 1916 die
1249 1889 1383 1926 proprio

1000 1931 1185 1972 Felicisque
1211 1935 1378 1970 transitus.

834 2022 875 2054 11
888 2021 919 2053 b.
949 2021 1109 2063 Fideique
1142 2025 1322 2059 catholicae

952 2070 1076 2103 Doctor
1102 2073 1242 2113 plurimo
1272 2076 1384 2108 codice

952 2118 1142 2154 Declaravit
1172 2124 1317 2155 veridice

1003 2169 1176 2202 Credenda
1201 2169 1364 2207 fidelibus.

834 2253 876 2286 12
888 2253 920 2285 b.
951 2254 1015 2287 Tot
1040 2255 1095 2294 qui
1121 2255 1237 2288 subisti
1263 2258 1394 2292 labores

952 2302 1006 2335 Ad
1032 2303 1206 2336 salvandos
1233 2311 1436 2351 peccatores,

950 2350 1055 2383 Deum
1082 2361 1141 2391 pro
1168 2353 1261 2387 nobis
1289 2365 1416 2402 exore8‚

950 2399 996 2434 Ut
1024 2404 1097 2440 post
1123 2404 1242 2435 saeculi
1269 2405 1443 2446 languores

998 2448 1063 2481 Det
1089 2449 1153 2482 frui
1181 2453 1385 2489 caelestibus.
