1654 2756
707 143 966 178 -224—

546 248 613 278 247.

168 336 229 370 la.
261 335 408 368 Gaudeat
435 335 604 376 Hispania.

263 385 406 422 Totaque
433 382 606 415 Germania

310 431 430 464 Nubilo
457 432 620 471 solvatur3

166 522 184 553 2
200 531 228 555 a.
260 522 426 562 Quondam
453 523 581 555 sulcans
605 523 718 562 maria,

264 571 399 602 Tractus
425 571 467 603 ad
494 570 637 603 salubria

311 618 419 650 Verbo
445 619 615 652 salvatoris

164 710 221 741 321.
254 710 306 742 Ab
332 710 453 742 insultu
478 709 642 742 fluminum

262 759 408 790 Imitatus
436 759 607 790 Dominum

259 805 311 837 Fit
339 806 480 847 piscator
505 807 667 838 hominum

306 854 399 886 Dono
425 855 596 894 singulari3

161 947 224 976 4a.
258 944 377 976 Polluit
405 946 649 987 praerogativis,

259 994 357 1024 Artus
386 993 460 1024 dum
486 995 591 1025 adhuc
618 994 651 1025 in
677 995 758 1026 vivis

307 1041 478 1080 Vegetaret
502 1042 653 1082 spiritus3

162 1133 224 1164 5a.
257 1133 357 1163 Israel
385 1133 469 1171 quod
496 1137 574 1173 typo
601 1134 712 1173 gessit,

257 1180 352 1211 Alter
378 1180 474 1211 Iacob
501 1181 552 1212 hic
578 1183 736 1220 expressit

305 1228 524 1260 Claudicando
550 1229 710 1270 pedibus;

159 1318 218 1350 6a.
251 1318 331 1349 Nam
360 1327 499 1358 paganos

255 1365 331 1398 Ritu
359 1375 455 1398 vanos

255 1414 337 1445 Dum
366 1414 407 1445 ad
433 1424 527 1446 sanos

301 1462 409 1493 Mores
436 1463 483 1494 ire
510 1463 643 1504 monuit,

157 1552 217 1585 7a.
251 1553 334 1584 Dum
362 1553 461 1584 instat
488 1555 687 1588 sermonibus

251 1594 392 1633 Obvians
419 1601 591 1639 erroribus,

251 1649 392 1688 Imperat
421 1650 639 1692 daemonibus,

250 1696 298 1727 Ne
326 1697 497 1736 quidquam
525 1698 730 1731 credentibus

298 1744 379 1776 Mali
404 1743 583 1787 infer-ntum

154 1836 214 1867 Sa.
250 1835 375 1875 Lingua
401 1844 512 1867 manus
536 1837 608 1868 dum
628 1838 786 1878 suggessit

297 1884 413 1916 Fidem
439 1883 635 1923 infidelibus,

251 1931 353 1971 Caput
382 1933 512 1963 tandem
533 1937 645 1964 trunco
672 1934 767 1966 cessit

297 1980 437 2011 Effluxis
467 1980 644 2014 cruoribus,

653 247 696 278 De
718 248 829 278 sancto
850 247 962 279 laeobo
985 246 1111 278 Maiore.

863 334 925 368 1b.
955 333 1062 366 Adest
1088 334 1157 367 dies
1185 333 1333 372 celebris,

956 381 1024 421 Quo
1049 382 1161 415 mundi
1187 383 1227 414 de
1253 380 1396 413 tenebris

1005 431 1141 464 Iacobus
1165 431 1303 463 levatur.

860 522 922 557 2b.
955 523 1088 555 coetum
1115 522 1208 562 liquit
1231 522 1378 562 piscium,

955 570 1096 603 Turbam
1123 570 1241 602 docens
1268 569 1430 602 hominum

1002 618 1118 651 Fidem
1143 617 1372 659 redemptoris.

858 710 920 744 3b.
952 710 1045 742 Patet
1072 711 1135 743 hoc
1161 710 1327 750 argumine

953 758 1075 790 Montis
1100 759 1132 791 in
1160 759 1336 796 cacumine,

951 806 1073 838 Mei-uit
1099 808 1132 839 in
1157 806 1278 838 lumine

1001 855 1163 888 Christum
1191 853 1364 894 speculari.

855 945 918 979 4b.
950 945 1056 986 Signis
1083 946 1188 977 clarus
1214 945 1294 977 hora
1320 944 1432 976 mortis

950 995 1116 1026 Hactenus
1142 1002 1202 1025 uec
1231 994 1299 1026 eius
1325 993 1421 1024 sortis

999 1042 1059 1073 Est
1085 1042 1233 1073 immunis
1261 1041 1406 1074 caelitus.

854 1133 917 1166 5b.
950 1134 1021 1173 Qui,
1050 1133 1168 1165 divinis
1196 1133 1269 1164 dum
1296 1131 1447 1170 intendit‚

950 1182 1069 1214 Pedem
1097 1182 1232 1213 alterum
1261 1180 1431 1222 suspendit

994 1231 1025 1261 A
1053 1230 1217 1270 culparum
1243 1228 1406 1261 sordibus.

853 1320 915 1354 6b.
947 1320 1011 1352 Suo
1039 1321 1136 1352 ductu

946 1369 1052 1400 Multo
1081 1369 1189 1401 fructu

948 1416 999 1448 Ex
1026 1417 1086 1448 hoc
1111 1415 1211 1447 fluctu

997 1464 1130 1496 Sursum
1157 1464 1205 1495 ire
1233 1465 1352 1496 docuit.

850 1556 912 1588 7b.
947 1556 1046 1588 Cuius
1073 1557 1142 1587 viso
1169 1556 1309 1594 numine,

947 1604 1111 1643 Operante
1137 1601 1276 1643 flamine,

947 1652 1064 1683 Cordis
1092 1652 1207 1684 ductus
1234 1652 1353 1683 lumine

945 1700 1046 1731 Iosias
1074 1700 1106 1731 in
1133 1700 1287 1739 sanguine

992 1747 1107 1780 Statim
1135 1746 1332 1787 baptizatur.

848 1839 910 1873 eb.
941 1840 1090 1871 Accessit
1117 1839 1236 1871 melodi
1262 1841 1362 1872 melos

992 1884 1107 1919 Choris
1133 1887 1165 1919 in
1193 1888 1396 1930 caelestibus,

942 1935 1140 1975 Angelorum
1168 1935 1242 1968 dum
1269 1938 1312 1969 ad
1339 1938 1444 1970 caelos

992 1984 1180 2016 Ferebatur
1205 1985 1363 2018 manibus,

227 2069 315 2097 Grad.
349 2079 401 2098 ms,
430 2070 596 2098 Praedicat„
626 2071 826 2100 Insulensium
856 2075 1005 2109 (Al-osiae)
1031 2084 1108 2102 saec.
1137 2072 1211 2102 ¹⁶lis.
1240 2076 1312 2103 Cod.
1339 2075 1485 2111 Upsaleu.

151 2106 182 2135 C.
209 2106 274 2135 513.
298 2126 332 2129 —
354 2108 411 2136 Die
440 2107 457 2136 2
485 2114 583 2137 ersten
604 2110 706 2138 Zeilen
734 2112 801 2139 sind
829 2113 1053 2149 gleichlautend
1079 2115 1161 2141 einer
1182 2112 1317 2150 Sequenz
1341 2115 1395 2142 auf
1412 2115 1483 2142 den-

151 2145 255 2173 selbeu
278 2148 420 2182 Heiligen
443 2148 489 2175 bei
511 2148 644 2176 Kebrein
665 2150 716 2177 Nr.
737 2149 807 2178 415.
830 2166 867 2170 -
890 2153 947 2179 Cfr.
969 2152 1140 2188 Klemming
1164 2152 1218 2180 111.
1242 2163 1269 2188 p.
1291 2151 1328 2181 78
1351 2162 1415 2189 sqq.

588 2273 657 2304 248.
699 2273 742 2305 De
764 2276 875 2306 sancta
897 2273 1037 2316 lngride.

147 2355 213 2386 la.
252 2354 405 2388 Caritatis
429 2357 534 2390 iacula

252 2403 343 2441 Fers‚
370 2414 388 2435 o
415 2405 535 2439 Christi
563 2405 692 2449 famula,

297 2452 400 2485 Infixa
425 2455 646 2498 praecordiis3

851 2361 911 2395 lb.
941 2361 1122 2394 viduarum
1147 2362 1324 2402 speculum,

945 2409 1079 2451 Spernis
1104 2413 1206 2443 totum
1231 2411 1395 2443 saeculum

995 2458 1136 2492 Currens
1161 2459 1242 2492 artis
1268 2459 1396 2494 studiis.
