1654 2756
142 231 209 264 4η.
236 231 286 264 Τιι
310 233 452 265 caeleste
479 223 727 279 firmamentum,

235 280 329 320 Quod
355 281 527 315 stellarum
553 287 776 317 ornamentum

281 328 406 362 Reddit
433 332 624 375 gloriosius3

143 435 163 467 5
179 443 210 468 a.
238 435 287 469 Tu
311 445 345 468 es
373 438 462 470 scala
489 439 690 478 cupressina,

233 483 368 518 Sursum
396 486 509 518 levans
535 487 577 518 ad
607 486 718 519 divina

285 533 364 566 Tuis
390 534 494 567 iustos
520 533 688 575 gradibus,

145 640 205 672 6a.
233 640 283 672 Tu
310 650 472 680 supernae
498 644 594 681 porta
620 641 712 680 lucis,

232 687 303 720 Nos
334 690 377 721 ad
403 698 546 721 mensam
574 689 755 722 introducis

281 736 380 777 Regis
406 737 440 768 in
467 737 662 770 caelestibus
672 748 680 780 ;

150 845 210 876 7a.
239 844 409 883 Miserere,
438 845 540 884 virgo,
568 845 643 886 tuis,

236 892 359 934 Quibus
387 901 497 926 verum
524 903 641 926 manna
668 893 755 934 pluis

284 941 321 974 In
352 943 482 974 deserto
509 942 642 985 saeculi,

695 137 932 173 „77-

849 234 911 270 4b.
937 237 1007 277 Quo
1033 238 1192 276 purgatur
1218 239 1251 267 et
1276 233 1424 267 firmatur

939 285 984 317 Et
1008 286 1051 317 ed
1076 293 1202 316 summa
1228 283 1384 316 dilatatur

988 333 1129 366 Nostrae
1155 333 1273 364 mentis
1299 332 1423 365 radius.

850 438 909 472 5b.
935 438 989 471 Ad
1018 443 1049 470 te
1075 440 1209 471 trahens
1235 442 1423 480 peccatores

938 488 1003 518 Per
1028 491 1061 519 te
1089 486 1194 520 factos
1220 495 1408 520 ascensores

987 535 1030 566 Et
1055 544 1118 567 non
1145 536 1212 568 suis
1241 535 1372 568 viribus.

851 640 911 676 6b.
940 642 1059 674 Sancta
1087 642 1187 673 clavis
1215 646 1424 683 secretorum,

941 690 1062 722 Cellam
1082 691 1229 729 pandens
1249 693 1482 730 unguentorum

989 738 1067 770 Tuis
1094 738 1303 771 amatoribus,

855 844 914 878 7b.
943 846 987 879 Ut
1014 849 1135 877 terram
1162 845 1386 886 promissionis

942 893 1087 934 Saginati
1114 894 1182 926 eius
1208 893 1301 926 bonis

991 942 1102 974 Nostri
1131 946 1265 974 cernant
1289 943 1384 973 oculi.

215 1038 297 1066 Orat.
321 1042 351 1065 et
373 1038 513 1074 Sequent.
536 1047 588 1065 ms.
611 1038 776 1074 Campense
799 1040 870 1065 anni
889 1036 971 1065 1462.
1004 1038 1074 1065 Cod.
1092 1038 1312 1065 Darmstadien.
1328 1035 1398 1070 521;
1422 1038 1485 1064 bis:

134 1078 186 1106 fol.
208 1075 290 1105 2463
314 1077 352 1111 Ag
378 1091 415 1096 -
434 1078 485 1104 fol.
507 1075 590 1104 250a
612 1078 644 1103 B.
670 1091 702 1095 —-
728 1075 780 1110 la,
794 1074 813 1103 2
834 1078 916 1104 intus
938 1076 1098 1112 splendens
1122 1077 1195 1103 foris
1218 1077 1241 1102 B
1274 1091 1309 1096 νὴ
1333 1075 1383 1107 la,
1400 1073 1418 1101 3
1439 1074 1484 1103 Ad

136 1117 227 1145 decus
259 1116 335 1144 fehlt
356 1117 389 1143 B.
413 1133 447 1136 —
473 1115 526 1148 2³,
549 1115 566 1143 2
588 1115 706 1144 Fundes
728 1116 763 1142 A.
784 1129 821 1135 —-
844 1113 899 1148 3b,
923 1114 936 1142 1
960 1114 1105 1142 beidemal
1136 1124 1229 1151 gegen
1257 1115 1314 1142 den
1335 1115 1436 1148 Reim3
1464 1115 1483 1142 l.

133 1156 196 1184 sole
224 1153 317 1183 vere?
340 1169 377 1174 —-
398 1154 450 1187 51³,
475 1154 488 1182 1
510 1155 606 1182 trahis
629 1155 661 1181 A.
684 1168 721 1174 ·-
742 1154 810 1182 Von
837 1155 895 1183 Str.
916 1152 934 1181 6
965 1154 1056 1181 bietet
1072 1154 1096 1181 A
1118 1154 1230 1188 infulge
1253 1153 1483 1190 Besehadigung

134 1194 188 1223 der
208 1195 265 1222 Hs.
291 1203 347 1222 nur
368 1194 444 1221 noch
469 1195 567 1230 einige
588 1193 754 1220 Triimmer.
780 1207 816 1212 -—
839 1192 893 1228 7b,
918 1192 930 1220 l
954 1192 999 1220 Ad
1021 1193 1055 1219 A.

575 1327 621 1358 67.
653 1326 688 1358 In
711 1325 934 1366 Assumptione
955 1325 1044 1356 BMV.

146 1431 206 1463 la.
235 1430 416 1462 Iubilantes

282 1479 450 1512 exsultant
472 1478 571 1510 hodie

234 1527 325 1560 Caeli
353 1529 440 1560 cives

282 1577 316 1608 in
343 1585 469 1608 summa
496 1578 603 1614 curia;

233 1625 344 1658 Mater
370 1625 454 1657 enim

284 1674 370 1715 regis
396 1674 541 1706 iustitiae

232 1723 413 1763 Assumpta
439 1728 489 1754 est

281 1773 313 1804 in
343 1772 479 1811 caelum,
507 1772 625 1804 Maria.

145 1881 164 1912 2
179 1890 208 1913 a.
235 1880 436 1921 Angelorum

283 1930 451 1969 requirunt
479 1929 624 1969 agmina:

233 1977 322 2017 Quae
349 1983 396 2010 est
422 1979 486 2010 ista

282 2027 481 2068 perpulchra
508 2026 650 2067 domina,

283 2076 334 2109 De
358 2076 488 2108 deserto

331 2125 444 2157 mundi
471 2125 670 2166 ingrediens,

142 2234 204 2268 3a.
234 2233 278 2266 Ut
306 2241 504 2274 consurgens

281 2291 400 2316 aurora
426 2281 594 2323 gradiens,

231 2331 282 2364 De
303 2332 449 2364 tenebris

281 2380 418 2422 Aegipti
436 2380 604 2422 prodiens,

282 2430 376 2463 Nova
401 2429 496 2463 nobis

332 2479 518 2519 producens
544 2477 678 2510 lumina.

854 1428 913 1461 lb.
943 1428 1025 1459 Tota
1054 1427 1141 1459 venit

988 1476 1118 1508 trinitas
1142 1476 1251 1516 obvia,

940 1525 1042 1557 Matri
1069 1528 1162 1557 natus

989 1576 1021 1604 et
1047 1577 1142 1614 pater
1170 1573 1265 1615 filiae,

939 1624 1041 1662 Quam
1069 1623 1215 1662 sequitur

988 1671 1070 1703 caeli
1096 1671 1214 1702 militia

938 1718 976 1753 In
1004 1720 1138 1752 vocibus

987 1769 1131 1810 psallens
1158 1768 1317 1800 laetitiae.

851 1880 870 1911 2
878 1878 909 1910 b.
940 1878 1037 1910 Cuius
1065 1884 1165 1918 genae

987 1926 1106 1958 rubent
1131 1928 1167 1956 ut
1192 1922 1353 1964 fragmina

940 1975 1146 2013 Punicorum,

989 2032 1159 2063 carnisque
1186 2030 1314 2054 sarcina

992 2072 1205 2112 Corruptelne

1039 2120 1146 2152 carnis
1174 2117 1254 2161 [cst]
1281 2116 1458 2149 nesciens?

853 2230 914 2264 3b.
944 2229 1054 2261 Lunae
1078 2226 1174 2259 iubar

992 2276 1040 2309 illi
1067 2275 1273 2314 conveniens,

945 2326 998 2359 Sol
1027 2324 1174 2366 eclipsim

991 2374 1122 2406 minime
1148 2372 1288 2412 patiens,

991 2422 1078 2461 Quae
1105 2421 1269 2454 subintrat

1042 2470 1204 2503 caelorum
1231 2469 1353 2502 limina.
