1654 2756
715 123 948 159 -42—

190 225 249 256 2a.
277 223 449 256 Effundam
478 225 518 256 de
542 223 660 263 spiritu

190 418 250 450 3³..

276 272 459 312 Repentino
485 271 592 303 sonitu

327 320 486 352 cordibus
513 319 668 352 fidelium.

277 417 340 448 Hic
367 420 415 448 est
441 416 497 448 ille
523 416 657 456 spiritus

276 463 463 498 Insufflatus
489 464 623 497 caelitus

325 513 433 546 Priori
456 513 659 552 mortaliu1n3

187 610 247 642 4a.
273 610 337 641 Per
362 609 447 641 hunc
473 609 543 641 Noe
568 609 756 649 inspiratur,

187 805 247 835 5a.

188 997 248 1029 Ga.

185 1189 244 1221 7a.

191 1381 252 1414 82.

189 1576 249 1607 9a.

168 1770 251 1802 loa.

166 2013 253 2045 11a.

167 2402 225 2434 la.

275 659 304 690 A
331 667 393 697 quo
419 666 495 690 arca
521 656 701 689 fabricatur

324 706 359 737 In
386 711 499 746 typum
526 706 699 737 ecclesiae:

275 803 377 834 Huius
405 803 523 835 donum
549 803 683 842 spiritus

276 851 473 892 signabatur
498 851 658 891 primitus,

324 899 403 931 Cum
429 899 480 931 lex
511 899 582 930 dari
609 899 739 935 debuit3

277 996 337 1028 Die
362 996 624 1037 quinquagesimo

275 1047 304 1077 A
330 1044 476 1084 paschali
502 1046 640 1076 termino

298 1093 367 1124 Lex
394 1102 414 1124 a
439 1092 508 1124 Deo
533 1092 691 1131 mittitur,

274 1190 310 1221 In
336 1197 432 1220 unum
460 1189 657 1227 sedentibus,

276 1238 386 1277 Ipsum
413 1237 690 1277 exspectantibus,

323 1284 377 1317 Fit
403 1289 536 1325 repente
562 1286 704 1326 sonitus3

280 1381 395 1420 Replet
416 1382 543 1413 domum
562 1386 594 1413 et
612 1382 793 1423 credentes⁷

280 1430 372 1461 Facit
398 1430 531 1469 spiritus
558 1429 732 1471 ferventes,

326 1478 516 1518 Loquuntur
541 1479 718 1522 magnali23

278 1574 326 1606 lbi
354 1584 424 1606 cum
451 1574 570 1606 fiducia

279 1623 373 1655 Fiunt
402 1623 574 1659 mirabilia.

325 1672 430 1703 Multa
457 1672 591 1703 credunt
618 1671 724 1712 milia3

277 1817 366 1849 Haec
393 1821 440 1848 est
467 1817 615 1848 miranda
641 1818 776 1856 novitas,

277 1867 313 1898 In
340 1874 402 1906 qua
427 1874 550 1896 summa
578 1865 741 1905 divinitas,

278 1916 316 1947 In
343 1923 405 1954 qua
432 1913 541 1945 divina
568 1915 686 1945 caritas

282 2012 341 2049 Tu,
369 2010 424 2051 qui
449 2010 549 2042 multa
576 2010 656 2043 facis
682 2020 790 2049 unum,

276 2060 319 2092 Et
347 2060 388 2091 de
413 2059 522 2091 multis
547 2057 627 2091 facis
654 2068 749 2091 unum

278 2109 319 2140 Et
347 2109 379 2140 in
404 2116 467 2139 uno
494 2106 574 2139 facis
599 2116 707 2146 unum,

278 1769 368 1800 Haec
376 1772 422 1800 est
431 1777 585 1807 praesens
592 1769 791 1801 sollemnitas
803 1779 810 1808 3

885 221 943 254 2b.

885 414 945 450 3b.

883 607 948 642 4b.

884 800 943 834 5b.

886 993 947 1027 6b.

885 1186 943 1220 7b.

889 1381 950 1415 8b.

885 1575 948 1608 9b.

866 1768 948 1804 10b.

862 2010 946 2044 11b.

972 221 1022 253 De
1050 220 1177 253 excelso
1203 221 1318 254 missus
1344 223 1394 252 est

973 269 1061 310 Ignis
1087 274 1118 300 et
1148 268 1273 302 infusus
1299 274 1349 302 est

1024 317 1159 350 Ossibus
1184 317 1396 352 credentium.

972 415 1036 447 Hic
1062 415 1102 447 de
1128 415 1226 446 caelis
1252 414 1369 447 missus
1397 420 1443 447 est

971 463 1016 495 Et
1041 463 1134 504 aquis
1159 462 1284 495 infusus
1312 467 1362 495 est

1021 512 1059 544 In
1085 512 1197 544 mundi
1222 511 1445 552 primordium.

976 608 1039 640 Hic
1065 607 1231 641 Abrabam
1257 608 1446 649 illustravit,

974 656 1052 689 Cum
1073 657 1112 689 de
1133 656 1261 689 Christo
1280 655 1491 698 prophetavit

1020 705 1161 745 Tempus
1195 706 1326 745 signans
1353 704 1488 745 gratiae.

969 801 1070 833 Facta
1096 803 1171 832 sunt
1197 801 1351 841 tonitrua,

973 849 1158 881 Micuerunt
1181 848 1321 889 fulgura,

1021 897 1122 929 Totus
1148 906 1240 929 mons
1267 897 1473 929 contremuit.

976 993 1041 1026 Sub
1069 994 1180 1025 eodem
1208 994 1346 1025 termino

970 1043 1168 1074 Immittente
1190 1042 1328 1073 Domino

1021 1089 1162 1131 Spiritus
1188 1089 1383 1122 infunditur.

972 1187 1142 1227 corporali
1169 1186 1277 1227 specie

971 1236 1009 1268 In
1036 1235 1119 1275 ignis
1147 1235 1254 1275 effigie

1020 1283 1197 1315 Descendit
1222 1283 1412 1323 paraclitus.

978 1381 1031 1415 Et*
1060 1390 1139 1421 quos
1165 1381 1262 1412 timor
1288 1380 1474 1420 occultavit,

981 1430 1069 1469 Ignis
1095 1429 1212 1460 missus
1238 1428 1470 1468 inflammavit3

1028 1477 1155 1517 Templi
1182 1482 1296 1518 petunt
1323 1477 1417 1510 atria.

975 1577 1049 1609 Una
1076 1574 1156 1606 fides
1182 1575 1335 1615 omnium,

972 1625 1008 1656 In
1036 1623 1166 1656 Christo
1193 1623 1394 1655 credentium

1021 1671 1094 1704 Una
1121 1676 1188 1703 erat
1215 1671 1332 1706 anima.

975 1767 1155 1801 Infundens
1179 1777 1214 1800 se
1241 1768 1435 1809 hominibus,

969 1817 1126 1849 Mundum
1135 1817 1296 1850 mundans
1303 1819 1491 1858 asordibus,

972 1865 1041 1897 Ima
1068 1866 1202 1905 iungens
1231 1867 1436 1908 caelestibus,

975 1914 1078 1946 Unum
1106 1913 1185 1946 facit
1213 1915 1253 1946 de
1279 1916 1439 1956 pluribus.

974 2011 1040 2043 Fac
1067 2021 1125 2044 nos
1151 2022 1262 2045 omnes
1281 2015 1313 2046 in
1331 2019 1363 2046 te
1381 2025 1479 2047 unum

974 2061 1017 2094 Ut
1043 2062 1085 2092 ad
1114 2065 1144 2092 te
1172 2062 1341 2094 tendamus
1370 2073 1480 2104 unum,

974 2110 1008 2141 In
1036 2114 1068 2141 te
1092 2119 1156 2142 uno
1182 2111 1282 2143 simus
1307 2121 1417 2155 unum,

1483 2041 1491 2056 7

232 2196 316 2222 Miss.
337 2195 588 2223 Tharentasiense
611 2196 680 2229 imp.
703 2192 868 2230 [Lugduni]
891 2202 935 2222 οε..
959 2193 1042 2223 1520.

612 2308 661 2340 30.
697 2309 740 2340 De
762 2310 869 2340 sancto
891 2309 1024 2350 spiritu.

249 2401 359 2434 Sancti
385 2401 518 2441 spiritus

303 2449 393 2481 Assit
419 2450 511 2481 nobis
535 2450 650 2493 gratia,

863 2400 923 2433 lb.
951 2401 988 2433 In
1015 2409 1077 2442 qua
1104 2403 1237 2435 caelitus

997 2448 1103 2483 Datur
1129 2451 1288 2486 efficacia.
