1654 2756
739 138 997 174 —123-

652 243 712 275 127.
744 243 787 274 De
807 243 908 274 Beata
929 241 1031 274 Maria
1053 243 1088 273 V.

611 330 639 362 1.
668 329 787 368 Maria,
816 329 907 370 virgo
933 329 1063 368 nobilis,

663 378 742 410 Orta
772 374 841 421 [de]
867 378 971 418 stirpe
998 376 1147 418 Davidis,

662 427 749 458 Vera
776 434 859 466 quae
885 427 973 458 salus
1002 425 1134 463 diceris,

664 474 831 506 Auxilium
858 471 908 505 fer
934 474 1086 514 perditis.

201 554 263 586 2a.
291 554 410 596 Maria,
437 555 526 586 scala
553 555 647 595 caeli,

291 602 432 635 Placens
458 611 582 636 summo
608 604 688 644 regi,

290 650 403 691 Nobis,
433 651 487 692 qui
515 661 625 684 sumus
653 653 709 691 rei,

290 699 392 732 Pinea
418 700 520 732 filium
547 701 618 735 Dei.

202 783 263 815 Sa.
291 782 410 824 Maria,
439 792 559 823 sponsa
584 782 717 823 Christi,

290 833 379 872 Quae
406 832 521 872 angelo
549 831 720 864 credidisti

290 881 335 912 Et
362 881 461 912 verbo
489 881 589 912 tilium
617 881 805 924 concepisti,

292 930 360 962 Fae
386 939 444 961 nos
471 929 592 961 liberos
617 934 720 961 morte
739 930 836 965 tristi.

204 1012 265 1044 4³.
293 1011 409 1054 Maria,
438 1012 535 1043 stella
561 1012 671 1053 maris,

292 1061 392 1099 Quem
419 1060 565 1092 ostendit
591 1060 687 1093 stella
715 1061 828 1105 magis,

294 1109 372 1140 Cum
401 1107 468 1140 filio
496 1108 627 1140 deitatis

291 1156 388 1188 Salva
416 1165 474 1188 nos
501 1166 518 1188 a
545 1157 700 1196 peccatis.

203 1241 263 1272 5a.
292 1238 408 1281 Maria,
437 1238 527 1270 cuius
554 1238 639 1270 filius

291 1286 375 1318 Vicit
407 1289 543 1319 mortem
571 1295 705 1327 surgens
732 1287 834 1327 vivus,

288 1336 356 1368 Fac
381 1345 440 1368 nos
467 1336 530 1367 tuis
557 1335 711 1376 precibus

290 1385 444 1417 Aeternis
473 1384 622 1424 coniungi
650 1383 793 1417 sedibus,

205 1468 265 1501 6a.
294 1467 411 1510 Maria,
441 1466 520 1498 felix
548 1475 721 1507 puerpera,

293 1516 362 1555 Qua
388 1516 475 1547 salus
502 1519 551 1546 est
577 1515 676 1555 edita,

296 1564 438 1604 Spiritus
464 1564 570 1596 saneti
595 1564 701 1604 gratia

294 1613 361 1645 Nos
388 1613 523 1645 accendi
550 1613 701 1652 impetra.

906 556 970 588 2b.

906 783 966 816 3b.

906 1012 965 1044 4b.

907 1237 966 1270 5b.

906 1466 965 1500 eb.

998 555 1116 595 Maria,
1145 555 1204 588 flos
1231 556 1402 597 virginum,

997 603 1167 635 Castitatis
1194 604 1309 638 lilium„

993 653 1082 692 Quae
1109 652 1246 692 genuisti
1273 651 1384 689 filium,

996 699 1063 732 Fer
1090 701 1182 732 nobis
1208 701 1374 732 auxilium.

996 783 1112 821 Maria,
1142 783 1236 815 stella
1265 784 1332 815 veri
1359 784 1447 825 solis,

995 833 1094 872 Quem
1122 841 1196 871 spes
1223 835 1314 871 optat
1342 832 1514 873 Simeonis,

995 881 1082 919 Quae
1110 890 1143 911 es
1170 883 1274 912 mater
1297 885 1406 912 tantae
1426 881 1543 921 prolis,

995 929 1136 961 Salutem
1165 928 1217 961 fer
1243 929 1390 961 omnibus
1419 929 1522 961 nobis.

995 1012 1110 1049 Maria,
1141 1012 1250 1043 divina
1277 1015 1364 1043 sorte

994 1060 1095 1100 Virgo
1123 1059 1239 1100 virgini
1264 1059 1387 1092 Christi
1414 1063 1519 1090 morte

996 1108 1240 1146 commendata,
1268 1109 1338 1139 sine
1365 1108 1463 1139 sorde

996 1155 1062 1187 Fac
1088 1165 1143 1186 nos
1171 1157 1291 1193 vivere,
1321 1164 1403 1195 puro
1432 1155 1542 1186 corde.

995 1238 1114 1278 Maria,
1143 1238 1233 1269 cuius
1259 1241 1355 1269 natus

994 1286 1099 1326 Super
1126 1286 1233 1317 caelos
1260 1285 1456 1318 sublimatus

993 1335 1047 1366 Ad
1064 1335 1210 1366 dextram
1228 1335 1332 1374 patris
1347 1338 1395 1365 est
1406 1334 1541 1375 locatus,

994 1383 1071 1423 Fac,
1099 1384 1191 1416 nobis
1212 1383 1296 1415 idem
1319 1383 1362 1415 sit
1380 1383 1541 1423 placatus.

994 1466 1133 1506 Mariae,
1164 1466 1281 1506 virgini
1310 1467 1418 1503 matri,

994 1515 1036 1546 Et
1065 1514 1255 1546 individuae
1282 1515 1421 1547 trinitati

994 1563 1042 1594 Sit
1070 1564 1151 1599 iaus,
1180 1564 1293 1600 honor,
1319 1563 1421 1605 gloria

998 1613 1059 1644 Per
1086 1612 1212 1644 infinita
1239 1612 1378 1646 saecula.

271 1690 355 1717 Miss.
377 1699 431 1717 mS.
454 1690 625 1718 Wenceslai
650 1690 687 1717 de
708 1690 825 1718 Radeez
848 1690 1010 1727 Pragensis
1032 1698 1109 1717 sace.
1131 1688 1174 1716 15.
1210 1689 1281 1716 Cod.
1305 1690 1402 1726 Capit.
1420 1691 1544 1725 Pragen.

193 1730 217 1757 P
238 1727 264 1756 5.
287 1744 323 1748 -
348 1730 403 1756 Die
433 1738 527 1766 ganze
549 1729 684 1765 Sequenz
712 1730 765 1757 mit
787 1730 826 1756 all
850 1728 935 1756 ihren
958 1728 1187 1757 Unebenheiten
1209 1730 1390 1765 prasentiert
1414 1730 1475 1756 sich
1500 1730 1544 1757 als

193 1768 260 1797 echt
275 1768 468 1796 bohmischen
485 1768 686 1805 Ursprunges.
704 1783 737 1787 —
756 1769 811 1796 Die
827 1768 982 1796 Abschrift
996 1767 1149 1795 verdanke
1166 1768 1212 1795 ich
1231 1768 1283 1795 der
1299 1769 1546 1796 Freundlichkeit

192 1808 243 1836 des
266 1808 374 1836 Custos
401 1808 454 1835 der
475 1807 809 1844 Capitels-Bihliothek
836 1807 890 1834 auf
913 1808 980 1835 dem
1005 1807 1177 1835 Hradschin
1196 1829 1202 1841 ‚
1230 1807 1281 1834 des
1309 1807 1423 1835 hochw.
1446 1809 1545 1836 Heri-n

194 1847 339 1875 Heinrich
362 1846 488 1883 Skopec.

649 1932 709 1964 128.
743 1932 784 1963 De
808 1933 907 1964 Beata
930 1932 1037 1964 Maria
1060 1933 1093 1963 Υ.

206 2017 265 2049 la.
294 2014 411 2057 Maria,
439 2015 528 2047 Iesse
554 2015 691 2055 virgula,

292 2063 432 2096 Florens
458 2062 578 2096 fronde
602 2066 639 2095 tu
664 2064 815 2104 primula,

342 2111 500 2145 Naturam
528 2113 771 2146 transcendisti.

201 2198 265 2230 2a.
292 2195 413 2237 Maria,
438 2195 498 2228 tibi
524 2196 569 2228 nil
596 2194 700 2238 abest,

294 2246 376 2278 Nam
401 2245 534 2278 verbum
553 2253 629 2278 caro
648 2243 769 2277 factum
788 2249 837 2276 est

341 2294 379 2327 In
406 2297 449 2334 te,
473 2295 560 2334 quod
586 2294 718 2329 audisti.

203 2379 263 2411 321.
292 2377 342 2410 Tu
367 2380 561 2418 quaerentes
588 2376 737 2410 sublimia

291 2426 361 2459 Tuo
387 2436 446 2459 nos
472 2425 650 2459 reconcilia

341 2473 471 2518 Genim,
500 2475 628 2515 Maria;

911 2015 967 2048 lb.
997 2015 1114 2053 Maria,
1144 2022 1283 2046 vernans
1310 2014 1419 2045 rosula

997 2064 1111 2104 Tuque
1138 2063 1228 2095 verbi
1256 2071 1291 2093 es
1318 2061 1478 2102 plantula⁷

1045 2113 1133 2152 Quae
1159 2113 1264 2143 Iesum
1293 2111 1443 2151 genuisti.

907 2195 971 2228 21).
998 2195 1118 2233 Maria,
1145 2193 1205 2224 tibi
1232 2193 1304 2224 iaus
1329 2192 1442 2225 adest:

999 2244 1071 2275 Iesu
1099 2245 1213 2283 mater,
1241 2242 1294 2281 qui
1323 2242 1410 2274 Deus
1438 2247 1497 2281 est,

1046 2291 1128 2323 Esse
1154 2290 1313 2323 meruisti.

911 2375 969 2408 3b.
999 2374 1059 2413 Tu,
1088 2383 1170 2415 quae
1198 2373 1287 2406 foves
1316 2374 1459 2418 humilia,

999 2423 1047 2454 De
1074 2422 1177 2463 spinis
1205 2423 1268 2455 duc
1294 2424 1335 2456 ad
1364 2423 1432 2457 lilia

1051 2472 1148 2510 Virgo
1176 2481 1233 2504 nos
1259 2472 1374 2505 Maria.
