1654 2756
153 245 235 279 1011.
275 245 343 278 Pax
369 245 558 286 tranquillet
585 248 616 276 et
643 246 790 276 conectat

322 294 435 335 parilis
463 293 636 326 concordia

153 393 194 425 11
208 402 237 426 a.
274 393 374 433 Virgo
400 392 506 424 nitens
532 395 629 432 atque
655 394 769 431 potens

322 441 524 482 imperatrix,
551 441 692 481 Agatha,

156 539 198 571 12
209 549 238 573 a.
274 539 338 572 Ora
366 547 529 580 sponsum,
558 538 621 570 tuis
648 536 735 570 facta

323 587 462 620 servulis
487 587 640 627 propitia,

688 163 737 170 —
784 122 863 180 '1243
1237 181 1242 195 .

862 242 905 276 10
913 241 944 276 b.
971 241 1026 275 Sic
1047 241 1186 275 astantis
1207 236 1249 275 ‘et'
1267 212 1427 277 cdxiii?

1387 200 1442 222 ‘''§.
1492 199 1534 222 ,ζ’
1569 216 1574 222 .

1022 289 1136 332 populi
1160 289 1367 331 praecordia.

861 391 902 424 11
914 390 944 425 b.
973 389 1071 422 Cuius
1097 396 1214 421 nomen
1239 385 1424 428 penetravit

1021 437 1111 471 orbis
1138 437 1232 469 huius
1259 435 1400 474 climata,

861 536 945 570 12b.
972 536 1037 568 Det
1050 539 1086 568 ut
1099 535 1203 577 nobis,
1224 533 1341 576 quibus
1356 531 1492 575 gaudes,

1020 584 1161 624 adipisci
1185 582 1315 624 gaudia.

231 675 319 709 Trop.
342 682 394 700 ms.
410 672 576 700 Catanense
598 680 674 700 saec.
699 669 742 699 12.
777 672 849 699 Cod.
864 672 1017 700 Matriten.
1031 671 1187 705 (Collectio
1201 669 1351 700 Barbieri)
1371 677 1393 696 s.
1411 677 1439 696 n.
1454 682 1494 686 —

152 712 388 744 Misset-Weale‚
413 712 442 739 II
465 721 493 748 p.
515 709 588 745 4963
609 711 675 738 dot-t
696 710 850 738 entlehnte
872 710 920 738 ich
944 710 1000 738 den
1021 710 1106 738 Text.
1129 724 1164 728 —
1188 707 1223 736 12
1232 709 1260 742 b,
1283 707 1297 736 l
1320 708 1369 736 Et.

610 814 670 846 157.
703 814 745 845 De
765 815 878 846 sancta
900 814 1033 852 Agnete.

154 908 214 940 la.
251 905 414 938 Salvatori
440 905 611 937 iubilemus

254 954 297 986 Et
325 954 440 986 devote
466 953 693 994 praedicemus

302 1003 410 1042 Ipsius
436 1001 615 1042 magnalia3

158 1102 217 1132 2a.
252 1100 381 1139 Agnum
407 1100 517 1138 Agnes
543 1097 760 1138 amplexatur,

253 1148 381 1186 Agnum
407 1146 494 1178 laeta
520 1145 693 1177 comitatur

304 1195 394 1225 Inter
419 1193 510 1232 pacis
535 1192 623 1231 lilia3

157 1292 217 1323 3a.
257 1290 342 1321 Dum
360 1288 499 1320 intendit
513 1287 643 1319 scholae
656 1296 792 1330 morum,

256 1337 366 1368 Luxus
393 1340 487 1368 cavet
510 1335 705 1367 lascivorum

307 1384 349 1416 Et
376 1383 488 1415 mundi
514 1383 675 1424 ludibria3

159 1482 179 1512 4
197 1490 223 1513 a.
257 1481 425 1514 Castitatis
451 1484 579 1520 compta
603 1480 694 1512 lauro

258 1528 342 1560 Fide
368 1528 469 1569 fulget
495 1528 583 1560 velut
609 1537 697 1567 auro,

307 1577 391 1608 fide
417 1577 517 1608 vincit
543 1578 665 1615 omnia;

163 1675 222 1706 5a.
262 1674 291 1705 A
319 1682 380 1712 quo
406 1673 543 1713 sumpsit
566 1673 629 1704 mel
657 1673 796 1705 dulcoris

261 1721 305 1752 Et
330 1721 455 1761 insigne
481 1721 531 1753 lac
554 1721 688 1761 pudoris

307 1769 351 1801 Et
377 1772 481 1801 musta
508 1769 675 1811 rubentia3

160 1867 221 1899 6a.
259 1865 463 1898 Adulescens
489 1867 606 1897 mentis
634 1867 735 1907 dirae,

258 1915 382 1946 Auctor
409 1914 484 1954 doli,
513 1913 614 1946 fomes
639 1915 718 1956 irae,

306 1962 465 1994 Vitiorum
492 1961 607 2000 facula,

161 2060 220 2093 7a.
259 2059 325 2091 Sed
348 2068 412 2091 non
439 2059 526 2091 cedit
550 2059 781 2092 blandimentis

259 2107 327 2139 Nec
354 2107 534 2139 succumbit
557 2108 590 2139 in
614 2108 781 2140 tormentis

307 2155 432 2188 Fidelis
458 2156 666 2197 virguncula3

160 2253 221 2286 Sa.
258 2253 353 2293 Agno
378 2253 440 2285 Dei
465 2253 535 2285 laus
561 2257 693 2286 aeterna

259 2301 301 2333 Et
326 2302 446 2342 Agneti
472 2301 528 2334 lux
553 2311 694 2343 superna

307 2349 372 2382 Per
397 2355 529 2383 aeterna
555 2351 702 2395 saecula3

863 904 924 938 lb.

863 1098 923 1131 2b.

862 1289 924 1322 3b.

865 1481 923 1516 4b.

867 1675 925 1707 5b.

866 1868 924 1901 6b.

868 2061 928 2096 7b.

864 2255 926 2289 8b.

951 906 1080 946 Agnum
1107 903 1170 936 Dei
1195 910 1387 935 veneremur

950 953 996 986 Et
1022 952 1141 994 Agneti
1168 951 1379 984 collaetemur

1000 1000 1143 1034 Solemni
1169 1000 1305 1032 laetitia.

952 1098 1112 1138 Sponsum
1142 1105 1254 1128 amans
1281 1104 1358 1127 vere
1383 1095 1492 1127 vivum

952 1145 1111 1185 Sponsum
1129 1144 1256 1184 spernit
1270 1143 1491 1183 corruptivum

999 1193 1043 1224 Et
1069 1192 1138 1224 eius
1164 1191 1339 1231 sponsalia.

951 1290 989 1322 In
1015 1292 1122 1321 aetate
1147 1288 1324 1330 primitiva,

952 1337 1066 1369 Carnis
1091 1337 1169 1368 terit
1194 1336 1368 1375 incentiva,

1000 1385 1138 1417 Pudoris
1163 1383 1344 1424 naufragia.

950 1482 1093 1515 Mundus
1116 1482 1173 1514 ille
1198 1482 1262 1514 iam
1290 1481 1427 1520 vilescit,

951 1530 1062 1562 Mente
1088 1534 1226 1570 votoque
1252 1530 1403 1571 liquescit

1002 1580 1038 1611 In
1065 1579 1175 1619 sponsi
1202 1579 1345 1611 cellaria.

952 1675 1080 1707 Haustu
1106 1683 1199 1707 sacro
1225 1674 1343 1706 rubent
1368 1683 1470 1715 genae

954 1723 1058 1763 Caput
1083 1723 1164 1754 lenit
1188 1723 1298 1763 iugum
1322 1723 1405 1766 lene,

1003 1770 1114 1803 Crucis
1141 1770 1263 1803 Christi
1289 1771 1402 1811 gloria.

950 1869 1077 1908 Agnem
1102 1868 1228 1908 quaerit
1254 1876 1424 1909 occupare,

953 1916 1039 1957 Agni
1065 1915 1193 1947 thorum
1219 1917 1394 1958 maculare,

1001 1964 1088 2004 Agni
1113 1964 1182 1996 sine
1207 1965 1343 1998 macula.

955 2061 1077 2094 Reddit
1090 2061 1220 2095 Christo
1236 2062 1366 2104 dignam
1377 2064 1494 2105 viceni,

954 2109 1039 2142 Dum
1053 2119 1113 2150 pro
1124 2109 1252 2143 Christo
1267 2112 1323 2143 dat
1333 2113 1493 2145 cervicem

1002 2158 1056 2190 Ad
1082 2159 1196 2190 mortis
1221 2160 1378 2199 pericula.

955 2257 1020 2289 Det
1045 2260 1077 2288 et
1102 2256 1195 2288 nobis
1220 2266 1280 2297 per
1305 2258 1463 2299 Agnetem

952 2305 1068 2337 Pacem
1095 2305 1242 2339 Christus
1266 2310 1297 2338 et
1323 2307 1463 2347 quietem

1001 2353 1079 2386 Post
1104 2354 1190 2386 vitae
1217 2355 1389 2391 curricula.

235 2431 325 2460 Grad.
360 2441 414 2460 ms.
446 2433 571 2461 Arnoldi
602 2433 856 2470 Aquisgranensis
888 2442 965 2462 saec.
999 2432 1042 2463 13.
1074 2433 1114 2463 in.
1164 2438 1234 2466 Cod.
1262 2439 1358 2478 Capit.
1385 2443 1494 2480 Aquis—

157 2478 279 2506 granen.
301 2471 370 2498 XII.
