1654 2756
743 174 790 180 -
840 156 887 192 83
938 174 983 182 .-

620 249 669 282 74.
702 250 744 282 De
766 249 851 290 [xm
875 249 1005 283 flaudiis
1026 250 1114 283 BMV.

203 328 266 363 1a.
294 328 427 372 Gaude,
455 330 556 374 virgo,
585 334 691 363 mater
709 330 842 373 Christi,
913 332 970 366 lb.
1001 332 1126 373 Gaude,
1154 342 1236 374 quae
1261 342 1281 365 a
1307 333 1377 366 Deo
1401 333 1498 374 plena

294 377 388 417 Quae
414 387 474 418 per
499 387 611 412 aurem
639 379 818 420 concepisti
1002 382 1164 423 Peperisti
1190 383 1260 415 sine
1286 391 1390 422 poena

345 425 500 459 Gabriele
526 428 649 462 nuntio.
1051 431 1131 464 Cum
1156 431 1292 471 pudoris
1320 431 1398 465 lilio,

199 514 219 546 2
231 521 261 547 a.
295 512 368 545 Gau
376 514 707 554 de‚quaepostipsum
715 515 858 557 scandis,
911 515 972 549 2b.
1000 516 1125 557 Gaude,
1145 526 1239 557 quam
1258 517 1328 549 laus
1346 519 1431 550 tollit
1450 518 1542 551 dives

291 561 336 593 Et
365 565 415 594 est
441 561 545 594 honor
570 561 630 593 tibi
657 563 790 603 grandis
1000 564 1105 605 Super
1129 574 1238 597 omnes
1265 566 1346 597 caeli
1375 567 1461 599 cives

342 611 380 642 In
407 610 489 642 caeli
515 610 649 651 palatio.
1048 613 1210 653 Singulari
1237 614 1362 646 merito.

200 698 264 730 3a.
293 695 422 736 Gaude,
449 696 548 729 decor
572 696 665 737 lucis,
692 697 802 738 polum
909 699 970 733 ab.
997 699 1125 737 Gaude,
1152 700 1212 732 tibi
1239 700 1321 732 caeli
1347 705 1458 733 coetus

291 745 432 784 Ornansy
461 749 496 776 ut
522 746 607 777 diem
636 751 668 777 et
693 747 798 778 solum
997 749 1104 787 Paret,
1133 752 1167 780 ut
1194 749 1337 789 reginam
1365 750 1470 781 laetus

343 793 396 825 Sol
424 793 567 826 illustrat
596 794 698 826 radio.
1044 797 1091 829 Te
1118 797 1226 829 colens
1252 797 1418 838 obsequio.

202 883 264 914 4a.
293 880 420 919 Gaude,
447 882 533 920 quod
553 881 614 919 vis,
638 882 700 913 sibi
719 881 838 925 placet,
909 882 969 917 4b.
1000 883 1125 924 Gaude,
1152 884 1241 916 Deus
1267 888 1299 915 te
1325 885 1467 917 colentes

291 929 391 969 Apud
420 928 583 962 Christum
612 929 673 962 tibi
698 931 784 962 iacet
996 932 1059 963 Hic
1086 936 1117 963 et
1143 932 1177 964 in
1204 931 1313 964 futuro
1338 938 1462 965 mentes

342 977 510 1017 Frequens
537 978 713 1010 exauditio.
1044 980 1150 1020 Digno
1178 981 1261 1013 ditat
1288 983 1444 1020 praemio,

202 1067 262 1098 5a.
292 1064 418 1103 Gaude,
446 1074 528 1105 quae
554 1065 795 1104 approximaris
906 1065 968 1099 5b.
996 1066 1121 1107 Gaude,
1150 1076 1279 1107 semper
1306 1069 1467 1109 gavisura,

291 1113 458 1152 Trinitati,
487 1113 648 1145 trabearis
994 1115 1054 1146 His
1082 1115 1113 1146 in
1141 1116 1239 1147 caelis
1267 1114 1406 1148 fruitura

338 1161 436 1194 Claro
463 1162 570 1193 carnis
597 1161 708 1200 pallio,
1043 1163 1138 1195 Omni
1166 1163 1279 1203 procul
1306 1166 1455 1196 termino.

198 1251 258 1284 6a.
285 1248 413 1288 Gaude,
441 1248 515 1288 quia
542 1248 588 1280 tui
615 1249 694 1287 nati,
905 1248 965 1283 6b.
994 1249 1110 1283 Gaude
1137 1250 1266 1283 Christo
1293 1253 1500 1294 ascendente,

289 1297 390 1337 Quem
423 1297 557 1329 dolebas
590 1301 726 1329 mortem
753 1298 832 1337 pati,
991 1299 1051 1339 Qui
1079 1299 1111 1330 in
1139 1300 1263 1331 caelum
1292 1303 1322 1331 te
1349 1301 1479 1333 vidente

338 1346 455 1385 Fulget
482 1346 689 1378 resurrectio.
1041 1348 1134 1379 Motu
1163 1347 1266 1380 fertur
1293 1351 1438 1389 proprio.

201 1435 260 1468 7a.
289 1434 378 1473 Quae
406 1433 519 1465 mundi
546 1442 580 1465 es
607 1434 804 1472 reparatrix,
906 1434 966 1468 7b.
996 1435 1080 1466 Vere
1106 1436 1192 1474 patri
1221 1437 1338 1468 decens
1366 1442 1451 1479 nata,

290 1481 461 1514 Trinitatis
485 1481 673 1514 inclinatrix
993 1483 1135 1515 Flamini
1162 1494 1282 1524 sponsa
1308 1490 1430 1525 optata,

339 1529 488 1562 Herbido
514 1530 667 1573 triclinio,
1042 1533 1151 1564 Mater
1177 1543 1301 1565 summo
1329 1533 1405 1567 filio.

199 1620 260 1653 Sa.
287 1617 495 1651 nominatrix
524 1627 753 1659 supernorum,
904 1618 965 1652 8b.
993 1619 1073 1651 Eius
1100 1620 1187 1659 apud
1214 1621 1392 1653 trinitatem

289 1668 387 1700 placa
413 1675 522 1706 regem
551 1667 750 1707 angelorum,
995 1667 1258 1708 Contemplemur
1284 1671 1440 1702 unitatem

337 1716 382 1749 Ut
407 1719 462 1748 tuo
489 1716 642 1756 suffragio
1042 1718 1080 1749 Iu
1107 1719 1244 1757 perenni
1270 1719 1400 1759 gaudio.

267 1794 353 1821 Miss.
376 1793 575 1822 Olomuceuse
597 1795 667 1830 imp.
691 1793 874 1830 Bambergae
899 1791 982 1822 1488.
1011 1811 1043 1814 —
1066 1794 1117 1826 3b,
1144 1793 1156 1821 1
1180 1795 1285 1823 Gaude
1306 1796 1375 1823 cibi.
1397 1810 1435 1815 ——-
1455 1795 1507 1829 4a,
1524 1795 1541 1823 :2

187 1833 276 1870 Apud
304 1835 412 1869 ipsum.
434 1848 472 1852 —
494 1832 545 1865 7b,
571 1830 583 1860 l
613 1834 691 1869 patri
713 1834 830 1861 doeens.
853 1847 890 1852 —
912 1834 988 1861 Hier
1010 1835 1077 1861 sind
1099 1832 1116 1860 5
1140 1835 1378 1870 Halbstrophen,
1410 1835 1540 1863 namlich

189 1871 241 1906 la,
274 1871 326 1905 lb,
357 1871 414 1905 2a,
437 1870 481 1899 6a
502 1882 530 1900 u.
552 1871 611 1904 6h,
641 1872 693 1900 der
714 1873 963 1909 ursprfinglichen
987 1874 1123 1909 Sequenz
1144 1874 1281 1909 gleiclien
1302 1875 1454 1911 Anfanges
1476 1878 1539 1901 ent-

185 1911 272 1940 ]ehnt
296 1912 366 1949 (vgl.
395 1911 444 1939 die
470 1911 713 1948 vorhergehende
734 1912 901 1947 Nummer);
933 1910 977 1940 6a
1002 1922 1030 1940 u.
1061 1911 1105 1940 61>
1134 1915 1233 1941 sttiren
1263 1913 1310 1940 die
1337 1913 1541 1949 gewo‘hnliche

186 1950 386 1988 Reihenfolge
408 1951 469 1978 und
490 1951 621 1986 gehfiren
643 1949 893 1979 wahrscheinlich
914 1960 969 1980 vor
990 1952 1038 1979 die
1064 1953 1167 1980 zweite
1192 1952 1329 1987 strophe.

671 2046 717 2077 75.
751 2043 794 2076 De
816 2045 947 2078 Gaudiis
968 2046 1060 2078 BMV.

388 2127 665 2171 „Sequentia,
694 2137 801 2169 quae
827 2129 914 2161 erit
940 2131 1115 2161 tractus
1141 2130 1180 2161 in
1209 2128 1338 2162 LXX.“

196 2217 258 2250 la.
287 2215 414 2258 Gaude,
443 2216 545 2259 virgo,
572 2219 677 2248 mater
698 2215 831 2254 Christi,
906 2215 965 2249 lb.
998 2215 1125 2257 Gaude,
1155 2225 1237 2256 quae
1263 2225 1282 2247 a
1308 2215 1378 2247 Deo
1406 2215 1503 2256 plena.

285 2265 374 2304 Quae
399 2274 460 2306 per
485 2274 596 2297 aurem
625 2264 805 2306 concepisti
996 2264 1157 2305 Peperisti
1184 2265 1253 2296 sine
1281 2273 1386 2304 poena

337 2313 493 2347 Gabriele
519 2314 643 2348 nuntio.
1044 2313 1124 2346 Cum
1151 2313 1288 2352 pudoris
1316 2313 1398 2346 lilio.

195 2394 260 2426 2a.
288 2391 417 2432 Gaude,
436 2393 520 2433 quod
541 2397 609 2426 tres
624 2393 710 2425 dona
725 2391 834 2424 ferunt
903 2390 962 2424 2b.
992 2391 1121 2430 Gaude,
1148 2390 1250 2432 virgo,
1280 2395 1506 2431 praesentatus

286 2441 385 2481 Nato,
413 2451 507 2482 quem
535 2443 758 2475 adoraverunt
995 2440 1060 2472 Per
1088 2443 1119 2470 te
1146 2440 1233 2480 quod
1261 2444 1308 2472 est
1335 2444 1408 2474 tuus
1435 2445 1531 2474 natus

333 2491 372 2524 In
400 2489 489 2524 felici
514 2491 648 2532 gremio.
1043 2488 1141 2529 Legis
1168 2490 1365 2526 testimonio,

1325 2546 1367 2575 45*
