1654 2756
262 219 304 241 ΝΥ.

287 257 350 286 299.

287 305 350 335 300.

288 354 353 383 301.

284 401 350 431 302.

159 451 215 480 303
237 461 264 479 u.
285 449 349 478 304.

160 498 216 527 305
239 508 266 526 u.
286 497 351 526 306.

283 545 348 574 307.

283 593 348 622 308.

283 641 349 670 309.

283 689 348 718 310.

157 738 211 767 311
236 749 263 766 ιι.
283 738 348 767 312.

283 786 346 815 313.

284 835 348 863 314.

285 883 350 911 315.

283 931 348 959 316.

156 978 211 1007 317
234 989 259 1007 u.
282 978 347 1007 318.

282 1027 347 1055 319.

281 1075 345 1104 320.

158 1122 212 1151 321
236 1134 263 1151 u.
283 1122 349 1151 322.

283 1171 348 1199 323.

156 1218 213 1247 324
234 1229 261 1247 u.
283 1219 349 1247 325.

283 1267 373 1296 3251).

284 1315 349 1343 326.

281 1363 346 1392 327.

157 1410 213 1439 328
234 1421 264 1439 u.
281 1410 346 1440 329.

282 1460 347 1488 330.

282 1508 347 1536 331.

280 1556 346 1585 332.

281 1604 346 1633 333.

155 1653 211 1681 334
233 1664 259 1681 u.
281 1654 346 1681 335.

282 1827 346 1856 336.

281 1875 347 1904 337.

155 1922 211 1952 338
233 1933 260 1952 u.
279 1924 345 1953 339.

184 1972 345 2002 340—343.

155 2020 212 2050 344
232 2031 259 2049 u.
280 2021 346 2050 345.

183 2069 345 2099 346—351.

280 2118 345 2147 352.

153 2165 209 2195 353
230 2177 258 2194 u.
278 2166 343 2195 354.

278 2214 343 2243 355.

279 2263 345 2292 356.

278 2312 343 2340 357.

183 2359 347 2389 358--360.

693 119 958 155 —328-

1423 212 1492 235 saite

391 257 437 285 De
458 266 480 283 ε.
502 257 627 284 Nicolao
648 254 830 290 Lincopensi
849 271 1392 281 ............
1435 250 1494 280 270

392 306 437 334 De
458 314 480 332 s.
501 305 600 332 Odilia
621 303 870 338 Hohenburgensi
897 319 1391 330 ...........
1437 298 1492 328 271

394 354 438 381 De
460 363 482 380 s,
504 353 605 380 Odilia
625 353 654 380 M
659 369 1397 379 ................
1437 346 1496 376 272

390 402 435 430 De
457 410 478 428 S.
501 401 595 429 Olavo
608 417 1394 428 .................
1436 395 1494 425 273

391 450 436 478 De
457 458 479 476 ε.
502 450 676 485 Opportuna
703 465 1244 475 ............
1303 443 1362 473 274
1382 455 1410 473 u.
1435 444 1492 473 275

394 498 438 525 De
460 506 482 523 s.
504 497 688 524 Pantaleone
704 514 1245 523 ............
1306 492 1363 522 276
1385 503 1411 521 u.
1433 492 1492 521 277

390 546 435 573 De
457 554 493 571 sa.
516 545 653 572 Patronis
676 543 799 571 Sueciae
847 562 1392 571 ............
1435 540 1492 570 278

390 594 433 621 De
456 602 477 620 S.
500 593 626 620 Paulino
653 610 1393 619 ................
1435 589 1493 618 279

390 642 435 669 De
457 651 479 669 s,
502 641 595 668 Paulo
607 658 1392 668 .................
1434 637 1493 668 280

390 690 424 717 In
447 700 468 716 s.
492 690 577 716 Pauli
601 689 800 717 Conversione
847 708 1392 716 ............
1434 686 1489 716 281

391 739 434 766 De
457 747 494 764 ss.
517 739 602 764 Petro
625 740 654 765 et
674 737 768 763 Paulo
801 756 1393 764 ............
1435 735 1492 765 282

390 788 433 815 De
456 795 477 812 S.
502 787 587 813 Petro
610 786 646 812 ad
668 785 795 811 Vincula
846 804 1392 813 ............
1434 783 1491 814 283

391 836 434 863 De
456 844 479 861 s,
501 835 588 862 Petro
609 834 779 862 Caelestino
801 853 1394 862 .............
1434 831 1493 862 285

392 884 435 910 De
458 892 494 909 ss.
518 883 655 919 Philippo
677 886 705 908 et
725 882 840 909 Jacobo
895 901 1395 910 ...........
1437 880 1494 910 286

391 932 436 959 De
458 940 479 957 S.
503 932 642 965 Quiriaco
656 950 1393 958 ................
1435 928 1493 959 286

390 980 434 1008 De
457 989 478 1006 S.
501 980 626 1013 Quirino
653 999 1245 1007 .............
1307 977 1362 1007 287
1385 989 1412 1007 ιι.
1436 978 1492 1007 288

389 1029 433 1056 De
456 1037 477 1055 s.
500 1029 629 1055 Roberto
656 1047 1393 1055 ................
1435 1026 1492 1056 289

387 1077 432 1104 De
454 1086 476 1102 s.
499 1077 623 1103 severin
626 1086 1392 1104 ..................
1434 1075 1490 1104 289

389 1125 435 1152 De
457 1134 479 1150 s.
501 1124 631 1160 Sigfrido
652 1125 756 1151 Vexon
760 1144 1245 1152 ...........
1307 1123 1364 1152 290
1384 1134 1412 1152 u.
1435 1124 1489 1153 291

390 1173 433 1199 De
455 1182 477 1198 s.
500 1172 650 1207 Stephano
703 1192 1391 1201 ...............
1433 1172 1491 1201 292

391 1220 434 1247 De
456 1228 478 1246 s.
501 1221 635 1255 Sulpicio
654 1240 1244 1250 .............
1304 1220 1361 1249 293
1382 1231 1410 1249 u.
1433 1221 1490 1250 294

393 1268 437 1295 De
460 1277 481 1294 s.
503 1268 683 1295 Theodorito
702 1288 1390 1298 ...............
1432 1269 1489 1298 295

390 1316 435 1344 De
457 1325 478 1343 S.
501 1316 613 1343 Thoma
656 1336 1390 1347 ................
1432 1318 1489 1348 295

388 1365 432 1392 De
454 1373 477 1391 s.
497 1364 610 1391 Thoma
631 1366 737 1399 Aquin.
796 1386 1388 1396 .............
1431 1369 1487 1398 296

388 1413 431 1440 De
454 1422 475 1438 s.
497 1412 611 1439 'rhama
633 1413 708 1440 Cant
711 1434 1244 1444 ............
1305 1415 1360 1445 297
1383 1428 1410 1446 u.
1434 1417 1490 1447 298

389 1461 433 1488 De
455 1461 625 1496 s.'1'‹·rpete
654 1483 1387 1494 ................
1431 1466 1488 1495 299

388 1509 433 1536 De
455 1518 477 1535 s.
499 1509 656 1538 Vincentio
703 1531 708 1536 .
751 1530 757 1536 .
799 1531 806 1539 .
847 1532 853 1538 .
894 1532 901 1538 .
943 1532 949 1538 .
993 1533 998 1538 .
1041 1533 1047 1540 .
1089 1533 1096 1540 .
1137 1534 1144 1540 .
1186 1535 1193 1542 .
1234 1535 1242 1542 .
1284 1535 1290 1542 .
1332 1536 1338 1542 .
1381 1535 1387 1542 .
1430 1516 1487 1544 300

387 1558 432 1584 De
454 1566 491 1584 ss.
514 1557 683 1591 Vincentio,
707 1559 828 1592 Sabina,
850 1560 997 1588 Christete
1039 1582 1045 1588 .
1086 1582 1093 1588 .
1136 1583 1142 1589 .
1184 1583 1191 1590 .
1233 1584 1240 1591 .
1283 1583 1290 1589 .
1332 1583 1338 1590 .
1382 1586 1387 1591 .
1429 1562 1485 1593 :301

387 1606 431 1632 De
453 1615 475 1632 S.
517 1606 694 1634 wandelino
745 1628 751 1634 .
793 1627 799 1634 .
842 1629 848 1635 .
892 1629 898 1635 .
942 1630 947 1636 .
991 1628 998 1635 .
1039 1629 1046 1636 .
1087 1632 1094 1638 .
1136 1630 1143 1637 .
1185 1632 1191 1639 .
1232 1632 1240 1640 .
1283 1631 1289 1638 .
1331 1632 1337 1638 .
1381 1633 1388 1640 .
1429 1613 1487 1641 302

387 1655 431 1682 De
453 1664 475 1681 s.
497 1655 661 1683 Wernhero
702 1675 708 1681 .
750 1675 757 1682 .
800 1677 805 1683 .
847 1677 853 1683 .
895 1678 901 1684 .
943 1679 950 1685 .
991 1677 998 1684 .
1040 1679 1046 1685 .
1088 1680 1095 1686 .
1137 1680 1144 1687 .
1185 1681 1192 1688 .
1234 1680 1241 1687 .
1300 1659 1357 1689 303
1378 1671 1406 1690 u.
1429 1662 1488 1690 304

497 1753 552 1785 IV.
605 1754 831 1786 Commune
867 1755 1140 1789 Sanctorum.

388 1829 432 1856 De
455 1837 492 1855 ss.
514 1829 660 1863 Reliquiis
702 1849 708 1855 .
751 1850 756 1855 .
798 1850 805 1857 .
847 1851 853 1857 .
894 1851 900 1857 .
942 1852 948 1858 .
991 1852 997 1858 .
1039 1852 1046 1859 .
1088 1853 1094 1860 .
1137 1854 1143 1860 .
1185 1855 1191 1862 .
1233 1855 1240 1862 .
1282 1856 1288 1863 .
1332 1856 1339 1862 .
1381 1858 1387 1864 .
1428 1837 1485 1865 307

388 1877 432 1904 De
453 1886 491 1903 ss.
513 1877 666 1913 Apostolis
703 1898 709 1903 .
753 1897 759 1903 .
800 1897 806 1904 .
848 1900 854 1907 .
895 1900 903 1907 .
944 1900 951 1907 .
993 1900 999 1907 .
1041 1900 1048 1907 .
1089 1901 1096 1908 .
1138 1903 1144 1909 .
1185 1903 1192 1910 .
1235 1904 1242 1912 .
1282 1903 1289 1911 .
1331 1905 1337 1912 .
1380 1905 1386 1912 .
1428 1885 1485 1914 307

387 1926 430 1953 De
451 1934 489 1951 ss.
510 1925 714 1962 Evangelistis
749 1947 755 1952 .
797 1947 804 1954 .
845 1947 852 1954 .
893 1949 901 1957 .
944 1949 950 1956 .
992 1948 998 1955 .
1039 1950 1046 1957 .
1087 1951 1094 1958 .
1137 1952 1143 1958 .
1184 1953 1190 1959 .
1233 1954 1240 1960 .
1282 1953 1288 1959 .
1330 1954 1337 1960 .
1380 1955 1386 1962 .
1428 1935 1485 1964 309

386 1975 431 2002 De
452 1983 510 2001 uno
531 1975 664 2010 Martyre
702 1995 1290 2010 .............
1331 1981 1486 2013 310-312

386 2024 431 2051 De
454 2031 493 2050 ss.
515 2024 698 2059 Martyribus
746 2044 1240 2058 ...........
1299 2029 1357 2059 312
1377 2041 1406 2060 u.
1428 2031 1486 2062 313

386 2073 430 2100 De
455 2080 513 2099 uno
535 2071 710 2100 Confessore
748 2092 1288 2106 ............
1329 2079 1485 2111 313-316

386 2121 431 2148 De
452 2129 511 2147 uno
532 2120 649 2148 Abbate
699 2140 705 2146 .
748 2141 754 2147 .
796 2142 802 2148 .
844 2142 851 2150 .
892 2143 899 2149 .
940 2144 946 2151 .
989 2145 995 2150 .
1037 2145 1043 2152 .
1085 2145 1092 2152 .
1134 2146 1141 2154 .
1183 2147 1190 2154 .
1232 2148 1239 2155 .
1280 2148 1287 2156 .
1329 2149 1336 2156 .
1378 2150 1385 2157 .
1428 2129 1485 2159 317

384 2169 429 2196 De
451 2176 489 2194 ss.
511 2168 737 2196 Confessoribus
746 2188 1140 2201 .........
1149 2168 1153 2172 ’
1182 2195 1189 2202 .
1231 2196 1238 2203 .
1297 2174 1355 2204 317
1376 2185 1405 2204 u.
1427 2177 1485 2207 318

384 2217 428 2244 De
449 2225 471 2242 s.
494 2216 619 2252 Virgine
639 2218 770 2252 Mai-tyre
796 2237 802 2243 .
845 2238 851 2245 .
893 2240 899 2247 .
942 2241 947 2247 .
990 2241 996 2247 .
1038 2240 1045 2247 .
1087 2242 1094 2248 .
1136 2244 1143 2249 .
1185 2244 1192 2251 .
1234 2245 1241 2252 .
1282 2244 1290 2251 .
1333 2245 1340 2252 .
1381 2245 1388 2252 .
1428 2225 1485 2255 319

387 2265 430 2292 De
452 2274 490 2291 ss.
511 2265 619 2292 Viduis
651 2286 657 2292 .
699 2285 713 2306 ¹.
748 2285 754 2292 .
796 2286 802 2292 .
844 2287 850 2293 .
893 2288 899 2294 .
941 2290 947 2295 .
989 2288 996 2295 .
1038 2290 1045 2296 .
1086 2290 1093 2297 .
1134 2292 1139 2298 .
1183 2291 1190 2299 .
1231 2293 1238 2300 .
1281 2293 1288 2300 .
1329 2293 1336 2300 .
1379 2295 1386 2302 .
1428 2274 1486 2304 319

386 2314 430 2341 De
451 2322 509 2340 una
530 2314 654 2351 Virgine
701 2334 707 2341 .
749 2335 755 2341 .
797 2334 804 2341 .
845 2335 851 2342 .
895 2338 900 2343 .
941 2336 948 2343 .
990 2338 996 2344 .
1039 2337 1045 2344 .
1087 2339 1094 2345 .
1137 2340 1143 2346 .
1184 2340 1191 2346 .
1233 2342 1240 2349 .
1281 2342 1288 2349 .
1331 2343 1337 2349 .
1380 2344 1386 2350 .
1427 2323 1486 2353 320

389 2363 433 2390 De
455 2371 492 2389 ss.
513 2363 689 2398 Virginibus
699 2383 1287 2397 .............
1328 2369 1484 2402 320-322
