1654 2756
732 183 896 220 -247
954 205 995 210 -—

189 284 250 316 aa.
282 283 352 315 Iam
379 283 473 316 Lucii
499 284 555 316 lux
581 282 712 327 diffluit,
893 283 957 317 3b.
988 283 1072 315 Nam
1097 292 1216 326 papam
1241 286 1337 326 pater
1363 282 1484 321 induit,

287 331 353 364 Sub
380 341 457 365 vase
485 333 594 365 claudi
621 333 728 365 renuit
990 332 1180 365 Doctrinam
1205 342 1329 365 sacram
1359 331 1519 371 compluit

338 382 377 414 In
403 391 527 414 summo
553 381 655 422 figens
682 385 813 417 statum.
1038 381 1132 413 Luna
1159 382 1315 414 damnans
1343 383 1503 413 erratum.

191 490 250 523 4a.
285 487 363 520 Cum
392 488 514 528 passim
542 496 614 520 reos
641 488 759 529 arguit,
895 488 961 522 4b.
993 487 1071 520 Cum
1099 488 1179 522 haec
1198 498 1261 520 non
1280 492 1415 520 matrem
1436 487 1536 526 exuit,

294 536 381 569 Urbs
407 540 477 568 tota
503 537 598 568 simul
626 535 769 577 confluit,
993 537 1082 577 Quae
1108 538 1156 569 sic
1182 538 1215 569 in
1244 537 1382 578 prolem,
1411 536 1520 575 irruit,

342 585 440 618 Plebs
468 585 611 617 concitat
637 587 796 618 senatum.
1042 585 1116 617 Non
1145 587 1299 618 deserens
1326 588 1483 625 papatum

194 694 256 724 5a.
290 691 428 723 Metallo
456 691 638 733 damnatur,
898 690 962 725 5b.
994 689 1059 722 Sed
1086 694 1198 723 tonsus
1225 691 1406 731 quadratur

338 739 526 780 Frangatur
550 739 637 772 flecti
664 740 813 780 nescius;
1043 739 1227 778 Quadratus
1254 744 1286 772 et
1312 743 1375 771 stat
1399 737 1535 771 firmius.

194 847 255 880 Ga.
288 846 333 879 Et
359 855 445 885 ecce,
474 846 761 886 reinthronizatur,
899 845 962 878 6b.
995 845 1207 878 Conclamant
1231 846 1358 878 cuncti:
1393 845 1535 887 „Moria-

289 895 333 928 Ut
350 895 492 938 pridem,
505 895 592 927 idem
602 895 836 937 proclamatur,
1324 894 1398 926 tur“
1414 905 1422 932 ς

341 944 396 976 Ad
423 953 515 976 arma
542 942 634 975 furor
661 947 794 983 evocat3
996 942 1137 974 Clamori
1164 947 1259 983 pater
1285 943 1479 984 gratulatur,

1044 991 1081 1022 In
1108 1000 1142 1023 se
1171 991 1316 1023 furentes
1344 995 1511 1031 provocat.

194 1099 254 1132 Ta.
287 1099 331 1131 Et
358 1107 443 1140 ecce,
473 1101 572 1138 caput
595 1098 757 1130 submittit
900 1097 960 1130 7b.
993 1097 1081 1137 Ergo
1108 1102 1230 1138 nostra,
1259 1102 1353 1138 pater
1382 1097 1473 1135 Luci,

337 1147 447 1187 gladio
1045 1146 1163 1185 contio,

289 1195 476 1235 caesusque
502 1195 590 1227 vitae
996 1194 1097 1232 Quam
1125 1197 1180 1226 tua
1206 1197 1291 1226 tuam

339 1252 497 1284 percurso
523 1242 630 1274 stadio
1045 1240 1123 1272 fecit
1149 1243 1294 1283 adoptio,

288 1293 434 1324 Aeterno
997 1289 1050 1322 Sic
1076 1293 1131 1321 tuo

340 1341 544 1373 coadunatur
570 1339 696 1372 bravio.
1042 1347 1127 1370 nunc
1154 1339 1285 1370 insistat
1312 1337 1461 1379 servitio,

606 1447 637 1478 8.
667 1446 712 1479 Ut
738 1450 793 1477 tuo

662 1503 721 1534 per
746 1497 779 1525 te
805 1492 935 1525 fruatur
961 1493 1092 1533 gaudio.

267 1607 351 1634 Miss.
374 1605 541 1632 Hafniense
564 1605 633 1640 imp.
655 1603 788 1630 Hafniae
812 1600 895 1630 1510.
918 1602 953 1629 A.
976 1617 1012 1620 —
1034 1602 1118 1629 Miss.
1142 1603 1302 1630 Lundense
1324 1604 1394 1637 imp.
1412 1603 1538 1629 Parisiis

192 1644 275 1674 1514.
305 1646 337 1672 Β.
367 1658 403 1663 —-
429 1642 484 1675 52,
515 1641 534 1670 2
560 1644 601 1671 Ut
628 1643 703 1669 nihil
731 1643 775 1669 sic
801 1642 965 1678 frangatur.
997 1657 1032 1660 —
1061 1640 1122 1673 51),
1151 1641 1169 1669 2
1198 1642 1344 1676 (quadrus
1368 1657 1405 1661 ——
1435 1640 1494 1670 6b,
1524 1640 1542 1668 2

189 1686 311 1713 Clamor
333 1685 366 1711 A.
390 1697 427 1701 —
452 1681 504 1715 7a,
527 1680 544 1708 4
567 1690 726 1718 praecurso
749 1681 810 1708 AB.
834 1695 868 1699 —

585 1837 651 1867 273.
694 1836 737 1867 De
760 1842 784 1866 s.
806 1833 963 1866 Ludovico
987 1834 1150 1866 Tolosano.

194 1943 254 1975 la.
289 1940 383 1973 Celsa
411 1939 528 1971 cedrus
897 1936 960 1970 1b.
993 1937 1058 1969 Res
1085 1936 1167 1968 haec
1193 1937 1286 1976 mira,

338 1989 499 2029 hyssopus
527 1987 641 2020 effecta
1043 1985 1130 2026 quod
1158 1995 1216 2018 rex
1243 1986 1276 2017 in
1300 1989 1466 2025 pastorem

290 2039 355 2070 Pro
383 2037 510 2070 Libano
995 2034 1115 2066 Versus
1144 2044 1236 2075 reges

338 2087 416 2119 Sion
442 2087 625 2127 adoptavit,
1044 2088 1177 2115 cunctos
1205 2083 1386 2123 superavit,

288 2136 488 2175 Ludovicus,
994 2132 1117 2165 Summi
1144 2133 1235 2173 regni

340 2186 394 2226 qui
421 2184 507 2217 tiara
533 2185 618 2217 lecta
1043 2182 1262 2220 complectens
1291 2180 1467 2223 honorem3

288 2234 451 2267 Diadema
994 2230 1099 2271 Mors,
1127 2239 1209 2270 quae
1236 2238 1329 2270 reges

338 2287 536 2324 sceptraque
562 2282 693 2322 negavit
1043 2278 1160 2319 calcat,
1187 2279 1356 2317 exaltavit,

288 2333 333 2366 Et
360 2333 478 2365 devote
993 2327 1055 2367 Qui
1082 2336 1140 2359 nos
1167 2327 1229 2360 Dei

336 2382 517 2415 Tolosanos
543 2381 646 2421 pavit.
1045 2380 1136 2416 regat
1163 2377 1205 2409 ad
1232 2385 1386 2408 amorem.

267 2494 404 2522 Oration.
420 2496 450 2521 et
463 2492 605 2529 Sequent.
627 2501 681 2519 ms.
698 2492 866 2526 Campense
888 2489 959 2516 anni
985 2485 1068 2516 1462.
1085 2488 1155 2515 Cod.
1174 2488 1397 2516 Darmstadien.
1421 2486 1486 2515 521.
1504 2504 1541 2508 -

190 2533 278 2563 steht
298 2533 448 2560 zwischen
470 2533 654 2569 Sequenzen.
