1654 2756
689 113 952 149 —312—

615 216 684 248 343.
725 216 769 249 De
790 224 851 248 uno
873 216 1024 256 Mai-tyre.

853 309 870 341 1
886 307 917 340 b.
951 307 1191 340 collaudandus
1218 317 1262 347 es,
1288 316 1346 341 rex
1371 308 1465 347 bone,

948 356 1016 388 Tuo
1043 356 1175 388 vincens
1201 356 1234 388 in
1260 357 1385 399 tirone·‚

949 405 1026 437 Tiro
1053 403 1146 436 fortis
1172 405 1206 437 in
1232 413 1335 446 agone

997 454 1141 486 Laudem
1168 452 1297 495 profert
1323 454 1457 494 regiam.

161 310 219 343 la.
254 309 338 341 Laus
365 315 500 345 tuorum,
529 308 601 340 Iesu
628 307 768 349 Christe,

258 358 303 389 Te
329 357 489 388 collaudat
517 356 632 388 chorus
658 356 731 398 iste,

258 406 339 438 Dum
366 405 411 436 tui
439 414 520 436 nunc
546 404 712 445 agonistae

302 454 427 486 Recolit
455 453 631 485 victoriam.

851 541 915 574 2b.
947 541 993 572 Te
1020 549 1215 580 cognoscens
1241 541 1435 573 salvatorem

947 590 1087 630 Propter
1112 594 1144 620 te
1170 587 1255 621 fudit
1281 598 1428 621 cruorem

946 637 1064 670 Mundi
1072 647 1234 679 pompam,
1245 637 1359 670 mundi
1365 636 1488 680 florem,

994 686 1112 718 Mundi
1138 695 1295 727 spernens
1321 686 1438 720 omnia.

159 543 218 574 2a.
254 540 374 578 Victus,
401 541 491 581 vigor
516 539 609 572 huius
636 540 706 583 viri,

258 589 359 628 Vitae,
387 590 498 620 mortis
525 593 614 620 actus
640 589 713 620 miri

253 638 363 677 Ipsum
392 637 531 677 probant
556 637 705 678 insigniri

303 686 434 725 Terrae,
463 685 543 717 caeli
570 685 682 725 gloria.

946 772 999 804 Sic
1025 782 1157 812 agamus
1183 773 1271 805 vitae
1297 782 1436 812 cursum,

948 821 993 854 Ut
1018 821 1121 862 ipsius
1147 825 1221 862 post
1247 830 1417 853 excursum

947 868 1152 901 Collocemur
1177 878 1287 902 omnes
1314 879 1441 901 sursum

995 919 1034 950 In
1061 918 1223 950 caelorum
1250 917 1393 951 sedibus,

159 774 219 806 Sa.
251 772 428 812 Martyrem
455 773 539 804 hune
563 780 764 813 veneremur,
851 772 914 805 3b.

253 820 297 852 Ut
323 820 423 860 ipsius
450 820 638 852 adiuvemur

252 868 295 899 Et
319 879 338 900 a
363 869 455 900 malis
481 868 657 900 liberemur

302 917 462 949 Gloriosis
487 917 649 957 precibus.

232 1012 320 1038 (irad.
349 1010 528 1048 [Sneeicum]
557 1014 625 1049 imp.
653 1013 791 1040 Lubecae
822 1012 909 1041 149*.
933 1029 967 1032 —
1003 1014 1060 1041 Cfr.
1089 1014 1260 1049 Klemming
1288 1014 1349 1046 ΙΙΙ,
1376 1023 1402 1050 p.
1435 1012 1489 1041 177

156 1061 199 1086 sq.
219 1066 255 1069 -—
277 1050 405 1078 Melodie
425 1051 588 1078 natiirlich:
613 1052 791 1083 „Verbum
816 1051 978 1080 bonum.“

555 1173 625 1204 344.
668 1173 710 1203 De
732 1173 853 1204 sanctis
875 1172 1079 1212 Martyrihus.

157 1264 215 1295 la.
250 1263 354 1302 Digna
380 1267 483 1294 rectos
849 1263 909 1297 lb.
942 1264 1028 1302 Quos
1057 1265 1194 1301 vocavit,

252 1312 300 1342 Ac
326 1312 445 1342 electos
944 1311 1138 1343 Sublimavit

300 1358 461 1392 Condecet
488 1359 643 1397 laudatio,
992 1360 1122 1392 Domini
1150 1360 1305 1399 dignatio.

156 1447 215 1478 2a.
250 1445 310 1477 Hic
337 1449 517 1476 sanctorum
846 1446 909 1479 2b.
941 1447 1080 1486 Quorum
1108 1451 1200 1486 grata

252 1494 460 1524 Patronorum
943 1495 987 1526 Et
1012 1498 1124 1535 optata

300 1542 503 1574 Praeminent
530 1542 713 1582 praeconia,
992 1543 1093 1575 Nobis
1120 1548 1169 1576 est
1194 1543 1390 1582 praesentia.

156 1629 216 1660 3a.
249 1628 291 1658 Hi
319 1628 455 1658 victores
848 1629 913 1662 3b.
945 1629 1073 1661 Laudat
1099 1635 1201 1670 gesta⁷

254 1676 327 1707 Post
355 1675 482 1707 labores
945 1677 1027 1709 Colit
1055 1676 1138 1710 festa

300 1723 389 1756 Caeli
412 1729 545 1764 regnant
572 1726 671 1765 regia.
991 1726 1138 1758 Militans
1162 1727 1310 1762 ecclesia.

156 1813 216 1844 421.
247 1810 407 1842 Advocati
847 1812 911 1846 4b.
941 1813 995 1844 Ad
1022 1814 1169 1845 timorem

250 1858 352 1890 Nobis
380 1858 447 1889 dati
942 1860 985 1892 Et
1011 1870 1152 1893 amorem

299 1906 411 1939 Coram
439 1907 508 1939 Deo
534 1907 704 1947 advocant,
992 1910 1059 1942 Nos
1091 1919 1150 1950 per
1175 1911 1267 1952 signa
1292 1916 1484 1952 provocant.

153 1996 214 2026 5a.
245 1993 325 2025 Sunt
352 1993 508 2031 dolorum,
845 1995 908 2029 5b.
937 1995 1049 2039 Magni
1077 1997 1175 2030 duces

249 2041 330 2073 Sunt
355 2042 542 2081 languorum
942 2045 1061 2077 Hostes
1085 2050 1192 2079 truces

297 2089 467 2130 Spiritales
493 2091 628 2130 medici3
989 2094 1167 2127 Removent
1193 2105 1211 2127 a
1237 2097 1364 2139 patria3

248 2138 341 2170 Vitae
367 2147 521 2180 normam,
942 2142 1038 2175 Cives
1063 2142 1166 2176 laetos

249 2186 375 2218 Morum
403 2185 537 2220 formam
945 2192 994 2222 Ac
1018 2191 1144 2232 quietos

298 2235 374 2267 Veri
403 2235 518 2268 docent
544 2236 652 2269 ethici.
991 2240 1076 2271 Mira
1103 2239 1213 2273 fovent
1240 2243 1355 2282 gratia.

153 2324 212 2355 Ga.
246 2322 340 2354 Plebs
367 2322 482 2355 devota
846 2325 909 2359 6b.
943 2325 1022 2358 Fert
1048 2331 1160 2366 optata

247 2371 349 2403 Fovet
377 2376 450 2403 vota

298 2421 362 2453 Pro
387 2420 466 2460 sole,
493 2430 552 2461 pro
577 2420 699 2461 pluvia,

940 2374 1032 2407 Bona
1056 2375 1132 2408 data

991 2424 1115 2456 Horum
1142 2435 1202 2466 per
1227 2426 1392 2468 suffragia.
