<?xml version="1.0" encoding="UTF-8"?>
<!DOCTYPE html PUBLIC "-//W3C//DTD XHTML 1.0 Transitional//EN"
    "http://www.w3.org/TR/xhtml1/DTD/xhtml1-transitional.dtd">
<html xmlns="http://www.w3.org/1999/xhtml" xml:lang="en" lang="en">
 <head>
  <title>
</title>
<meta http-equiv="Content-Type" content="text/html;charset=utf-8" />
  <meta name='ocr-system' content='tesseract 3.04.00' />
  <meta name='ocr-capabilities' content='ocr_page ocr_carea ocr_par ocr_line ocrx_word'/>
</head>
<body>
  <div class='ocr_page' id='page_1' title='image "./analectahymnica42drevuoft_0186.png"; bbox 0 0 1654 2756; ppageno 0'>
   <div class='ocr_carea' id='block_1_1' title="bbox 145 216 208 249">
    <p class='ocr_par' dir='ltr' id='par_1_1' title="bbox 145 216 208 249">
     <span class='ocr_line' id='line_1_1' title="bbox 145 216 208 249; baseline 0 -1"><span class='ocrx_word' id='word_1_1' title='bbox 145 216 208 249; x_wconf 68' lang='lat'>22.</span> 
     </span>
    </p>
   </div>
   <div class='ocr_carea' id='block_1_2' title="bbox 149 391 212 424">
    <p class='ocr_par' dir='ltr' id='par_1_2' title="bbox 149 391 212 424">
     <span class='ocr_line' id='line_1_2' title="bbox 149 391 212 424; baseline 0 0"><span class='ocrx_word' id='word_1_2' title='bbox 149 391 212 424; x_wconf 72' lang='lat'>32.</span> 
     </span>
    </p>
   </div>
   <div class='ocr_carea' id='block_1_3' title="bbox 149 568 210 599">
    <p class='ocr_par' dir='ltr' id='par_1_3' title="bbox 149 568 210 599">
     <span class='ocr_line' id='line_1_3' title="bbox 149 568 210 599; baseline -0.016 0"><span class='ocrx_word' id='word_1_3' title='bbox 149 568 210 599; x_wconf 85' lang='lat' dir='ltr'>4a.</span> 
     </span>
    </p>
   </div>
   <div class='ocr_carea' id='block_1_4' title="bbox 150 743 211 775">
    <p class='ocr_par' dir='ltr' id='par_1_4' title="bbox 150 743 211 775">
     <span class='ocr_line' id='line_1_4' title="bbox 150 743 211 775; baseline 0.016 -1"><span class='ocrx_word' id='word_1_4' title='bbox 150 743 211 775; x_wconf 84' lang='lat' dir='ltr'>5a.</span> 
     </span>
    </p>
   </div>
   <div class='ocr_carea' id='block_1_5' title="bbox 151 919 213 950">
    <p class='ocr_par' dir='ltr' id='par_1_5' title="bbox 151 919 213 950">
     <span class='ocr_line' id='line_1_5' title="bbox 151 919 213 950; baseline -0.016 0"><span class='ocrx_word' id='word_1_5' title='bbox 151 919 213 950; x_wconf 89' lang='lat' dir='ltr'>6a.</span> 
     </span>
    </p>
   </div>
   <div class='ocr_carea' id='block_1_6' title="bbox 151 1092 210 1126">
    <p class='ocr_par' dir='ltr' id='par_1_6' title="bbox 151 1092 210 1126">
     <span class='ocr_line' id='line_1_6' title="bbox 151 1092 210 1126; baseline 0 -1"><span class='ocrx_word' id='word_1_6' title='bbox 151 1092 210 1126; x_wconf 81' lang='lat' dir='ltr'>7a.</span> 
     </span>
    </p>
   </div>
   <div class='ocr_carea' id='block_1_7' title="bbox 152 1316 213 1348">
    <p class='ocr_par' dir='ltr' id='par_1_7' title="bbox 152 1316 213 1348">
     <span class='ocr_line' id='line_1_7' title="bbox 152 1316 213 1348; baseline -0.016 0"><span class='ocrx_word' id='word_1_7' title='bbox 152 1316 213 1348; x_wconf 85' lang='lat' dir='ltr'>8a.</span> 
     </span>
    </p>
   </div>
   <div class='ocr_carea' id='block_1_8' title="bbox 149 1854 211 1888">
    <p class='ocr_par' dir='ltr' id='par_1_8' title="bbox 149 1854 211 1888">
     <span class='ocr_line' id='line_1_8' title="bbox 149 1854 211 1888; baseline 0.016 -2"><span class='ocrx_word' id='word_1_8' title='bbox 149 1854 211 1888; x_wconf 83' lang='lat' dir='ltr'>la.</span> 
     </span>
    </p>
   </div>
   <div class='ocr_carea' id='block_1_9' title="bbox 145 2078 207 2112">
    <p class='ocr_par' dir='ltr' id='par_1_9' title="bbox 145 2078 207 2112">
     <span class='ocr_line' id='line_1_9' title="bbox 145 2078 207 2112; baseline 0.016 -2"><span class='ocrx_word' id='word_1_9' title='bbox 145 2078 207 2112; x_wconf 85' lang='lat' dir='ltr'>2a.</span> 
     </span>
    </p>
   </div>
   <div class='ocr_carea' id='block_1_10' title="bbox 143 2306 204 2338">
    <p class='ocr_par' dir='ltr' id='par_1_10' title="bbox 143 2306 204 2338">
     <span class='ocr_line' id='line_1_10' title="bbox 143 2306 204 2338; baseline 0 0"><span class='ocrx_word' id='word_1_10' title='bbox 143 2306 204 2338; x_wconf 88' lang='lat' dir='ltr'>3a.</span> 
     </span>
    </p>
   </div>
   <div class='ocr_carea' id='block_1_11' title="bbox 695 117 955 155">
    <p class='ocr_par' dir='ltr' id='par_1_11' title="bbox 695 117 955 155">
     <span class='ocr_line' id='line_1_11' title="bbox 695 117 955 155; baseline 0 -1"><span class='ocrx_word' id='word_1_11' title='bbox 695 117 955 155; x_wconf 85' lang='lat'>-183—</span> 
     </span>
    </p>
   </div>
   <div class='ocr_carea' id='block_1_12' title="bbox 246 214 698 355">
    <p class='ocr_par' dir='ltr' id='par_1_12' title="bbox 246 214 698 355">
     <span class='ocr_line' id='line_1_12' title="bbox 247 214 698 258; baseline 0.004 -10"><span class='ocrx_word' id='word_1_12' title='bbox 247 214 347 249; x_wconf 83' lang='lat' dir='ltr'>Clara</span> <span class='ocrx_word' id='word_1_13' title='bbox 374 215 501 258; x_wconf 81' lang='lat' dir='ltr'>fulgens</span> <span class='ocrx_word' id='word_1_14' title='bbox 527 218 698 258; x_wconf 84' lang='lat' dir='ltr'>parentela</span> 
     </span>
     <span class='ocr_line' id='line_1_13' title="bbox 246 264 686 306; baseline 0.007 -9"><span class='ocrx_word' id='word_1_15' title='bbox 246 264 444 299; x_wconf 88' lang='lat' dir='ltr'>Observavit</span> <span class='ocrx_word' id='word_1_16' title='bbox 469 265 528 298; x_wconf 90' lang='lat' dir='ltr'>abs</span> <span class='ocrx_word' id='word_1_17' title='bbox 553 267 686 306; x_wconf 87' lang='lat' dir='ltr'>querela</span> 
     </span>
     <span class='ocr_line' id='line_1_14' title="bbox 295 314 606 355; baseline 0.003 -8"><span class='ocrx_word' id='word_1_18' title='bbox 295 314 394 347; x_wconf 84' lang='lat' dir='ltr'>Suam</span> <span class='ocrx_word' id='word_1_19' title='bbox 419 315 606 355; x_wconf 88' lang='lat' dir='ltr'>pueritiam.</span> 
     </span>
    </p>
   </div>
   <div class='ocr_carea' id='block_1_13' title="bbox 246 391 747 533">
    <p class='ocr_par' dir='ltr' id='par_1_13' title="bbox 246 391 747 533">
     <span class='ocr_line' id='line_1_15' title="bbox 248 391 747 433; baseline 0.002 -8"><span class='ocrx_word' id='word_1_20' title='bbox 248 391 385 425; x_wconf 84' lang='lat' dir='ltr'>Sumens</span> <span class='ocrx_word' id='word_1_21' title='bbox 412 402 522 425; x_wconf 87' lang='lat' dir='ltr'>curam</span> <span class='ocrx_word' id='word_1_22' title='bbox 549 393 747 433; x_wconf 85' lang='lat' dir='ltr'>pastoralem</span> 
     </span>
     <span class='ocr_line' id='line_1_16' title="bbox 246 440 707 474; baseline 0 -1"><span class='ocrx_word' id='word_1_23' title='bbox 246 440 321 474; x_wconf 84' lang='lat' dir='ltr'>Non</span> <span class='ocrx_word' id='word_1_24' title='bbox 346 440 482 474; x_wconf 86' lang='lat' dir='ltr'>ambivit</span> <span class='ocrx_word' id='word_1_25' title='bbox 508 442 707 474; x_wconf 86' lang='lat' dir='ltr'>mundialem</span> 
     </span>
     <span class='ocr_line' id='line_1_17' title="bbox 296 490 701 533; baseline 0.002 -11"><span class='ocrx_word' id='word_1_26' title='bbox 296 490 471 533; x_wconf 85' lang='lat' dir='ltr'>Honorem,</span> <span class='ocrx_word' id='word_1_27' title='bbox 499 490 558 522; x_wconf 85' lang='lat' dir='ltr'>sed</span> <span class='ocrx_word' id='word_1_28' title='bbox 585 499 701 532; x_wconf 66' lang='lat' dir='ltr'>onera,</span> 
     </span>
    </p>
   </div>
   <div class='ocr_carea' id='block_1_14' title="bbox 248 566 697 704">
    <p class='ocr_par' dir='ltr' id='par_1_14' title="bbox 248 566 697 704">
     <span class='ocr_line' id='line_1_18' title="bbox 248 566 641 608; baseline 0 -8"><span class='ocrx_word' id='word_1_29' title='bbox 248 566 330 600; x_wconf 90' lang='lat' dir='ltr'>Eius</span> <span class='ocrx_word' id='word_1_30' title='bbox 357 567 471 607; x_wconf 85' lang='lat' dir='ltr'>lingua</span> <span class='ocrx_word' id='word_1_31' title='bbox 497 567 641 608; x_wconf 87' lang='lat' dir='ltr'>gratiosa</span> 
     </span>
     <span class='ocr_line' id='line_1_19' title="bbox 249 614 697 656; baseline 0.002 -8"><span class='ocrx_word' id='word_1_32' title='bbox 249 614 389 656; x_wconf 79' lang='lat' dir='ltr'>Gregem</span> <span class='ocrx_word' id='word_1_33' title='bbox 417 616 504 647; x_wconf 87' lang='lat' dir='ltr'>inter</span> <span class='ocrx_word' id='word_1_34' title='bbox 530 615 697 649; x_wconf 86' lang='lat' dir='ltr'>fructuosa</span> 
     </span>
     <span class='ocr_line' id='line_1_20' title="bbox 298 664 680 704; baseline 0.003 -9"><span class='ocrx_word' id='word_1_35' title='bbox 298 664 398 696; x_wconf 83' lang='lat' dir='ltr'>Ducit</span> <span class='ocrx_word' id='word_1_36' title='bbox 422 664 495 696; x_wconf 85' lang='lat' dir='ltr'>loca</span> <span class='ocrx_word' id='word_1_37' title='bbox 520 673 680 704; x_wconf 67' lang='lat' dir='ltr'>pascuae,</span> 
     </span>
    </p>
   </div>
   <div class='ocr_carea' id='block_1_15' title="bbox 249 741 717 872">
    <p class='ocr_par' dir='ltr' id='par_1_15' title="bbox 249 741 717 872">
     <span class='ocr_line' id='line_1_21' title="bbox 249 741 717 783; baseline 0 -9"><span class='ocrx_word' id='word_1_38' title='bbox 249 741 346 774; x_wconf 81' lang='lat' dir='ltr'>Suam</span> <span class='ocrx_word' id='word_1_39' title='bbox 374 751 504 774; x_wconf 87' lang='lat' dir='ltr'>carnem</span> <span class='ocrx_word' id='word_1_40' title='bbox 532 742 717 783; x_wconf 77' lang='lat' dir='ltr'>castigavit,</span> 
     </span>
     <span class='ocr_line' id='line_1_22' title="bbox 249 790 603 823; baseline -0.003 0"><span class='ocrx_word' id='word_1_41' title='bbox 249 790 411 823; x_wconf 77' lang='lat' dir='ltr'>ieiunavit</span> <span class='ocrx_word' id='word_1_42' title='bbox 438 795 470 822; x_wconf 92' lang='lat' dir='ltr'>et</span> <span class='ocrx_word' id='word_1_43' title='bbox 497 791 603 823; x_wconf 89' lang='lat' dir='ltr'>oravit</span> 
     </span>
     <span class='ocr_line' id='line_1_23' title="bbox 298 838 703 872; baseline 0.002 -1"><span class='ocrx_word' id='word_1_44' title='bbox 298 839 439 872; x_wconf 85' lang='lat' dir='ltr'>Servans</span> <span class='ocrx_word' id='word_1_45' title='bbox 468 838 703 872; x_wconf 82' lang='lat' dir='ltr'><strong>castimoniam.</strong></span> 
     </span>
    </p>
   </div>
   <div class='ocr_carea' id='block_1_16' title="bbox 251 917 747 958">
    <p class='ocr_par' dir='ltr' id='par_1_16' title="bbox 251 917 747 958">
     <span class='ocr_line' id='line_1_24' title="bbox 251 917 747 958; baseline 0.002 -9"><span class='ocrx_word' id='word_1_46' title='bbox 251 918 360 957; x_wconf 86' lang='lat' dir='ltr'>Ipsum</span> <span class='ocrx_word' id='word_1_47' title='bbox 389 917 520 952; x_wconf 85' lang='lat' dir='ltr'>Christo</span> <span class='ocrx_word' id='word_1_48' title='bbox 547 925 747 958; x_wconf 82' lang='lat' dir='ltr'>conregnare</span> 
     </span>
    </p>
   </div>
   <div class='ocr_carea' id='block_1_17' title="bbox 248 965 771 1006">
    <p class='ocr_par' dir='ltr' id='par_1_17' title="bbox 248 965 771 1006">
     <span class='ocr_line' id='line_1_25' title="bbox 248 965 771 1006; baseline 0.002 -9"><span class='ocrx_word' id='word_1_49' title='bbox 248 965 293 998; x_wconf 85' lang='lat' dir='ltr'>Et</span> <span class='ocrx_word' id='word_1_50' title='bbox 321 975 391 998; x_wconf 89' lang='lat' dir='ltr'>cum</span> <span class='ocrx_word' id='word_1_51' title='bbox 420 966 542 998; x_wconf 86' lang='lat' dir='ltr'>sanctis</span> <span class='ocrx_word' id='word_1_52' title='bbox 568 966 771 1006; x_wconf 86' lang='lat' dir='ltr'>triumphare</span> 
     </span>
    </p>
   </div>
   <div class='ocr_carea' id='block_1_18' title="bbox 299 1015 732 1047">
    <p class='ocr_par' dir='ltr' id='par_1_18' title="bbox 299 1015 732 1047">
     <span class='ocr_line' id='line_1_26' title="bbox 299 1015 732 1047; baseline 0.002 -1"><span class='ocrx_word' id='word_1_53' title='bbox 299 1015 530 1047; x_wconf 87' lang='lat' dir='ltr'>Demonstrant</span> <span class='ocrx_word' id='word_1_54' title='bbox 558 1015 714 1047; x_wconf 83' lang='lat' dir='ltr'>miracula</span> <span class='ocrx_word' id='word_1_55' title='bbox 726 1026 732 1047; x_wconf 94' lang='lat'>:</span> 
     </span>
    </p>
   </div>
   <div class='ocr_carea' id='block_1_19' title="bbox 249 1091 665 1277">
    <p class='ocr_par' dir='ltr' id='par_1_19' title="bbox 249 1091 665 1124">
     <span class='ocr_line' id='line_1_27' title="bbox 249 1091 665 1124; baseline -0.002 0"><span class='ocrx_word' id='word_1_56' title='bbox 249 1091 318 1124; x_wconf 84' lang='lat' dir='ltr'>Nos</span> <span class='ocrx_word' id='word_1_57' title='bbox 342 1092 375 1124; x_wconf 87' lang='lat' dir='ltr'>in</span> <span class='ocrx_word' id='word_1_58' title='bbox 401 1093 498 1124; x_wconf 88' lang='lat' dir='ltr'>terris</span> <span class='ocrx_word' id='word_1_59' title='bbox 526 1092 665 1124; x_wconf 82' lang='lat' dir='ltr'>desolati</span> 
     </span>
    </p>

    <p class='ocr_par' dir='ltr' id='par_1_20' title="bbox 251 1139 663 1181">
     <span class='ocr_line' id='line_1_28' title="bbox 251 1139 663 1181; baseline -0.002 -9"><span class='ocrx_word' id='word_1_60' title='bbox 251 1139 293 1172; x_wconf 87' lang='lat' dir='ltr'>Et</span> <span class='ocrx_word' id='word_1_61' title='bbox 319 1139 361 1173; x_wconf 89' lang='lat' dir='ltr'>ab</span> <span class='ocrx_word' id='word_1_62' title='bbox 388 1141 481 1172; x_wconf 88' lang='lat' dir='ltr'>hoste</span> <span class='ocrx_word' id='word_1_63' title='bbox 507 1140 663 1181; x_wconf 83' lang='lat' dir='ltr'>captivati</span> 
     </span>
    </p>

    <p class='ocr_par' dir='ltr' id='par_1_21' title="bbox 250 1189 627 1277">
     <span class='ocr_line' id='line_1_29' title="bbox 250 1189 619 1221; baseline 0 -1"><span class='ocrx_word' id='word_1_64' title='bbox 250 1190 441 1221; x_wconf 86' lang='lat' dir='ltr'>Invocemus</span> <span class='ocrx_word' id='word_1_65' title='bbox 469 1189 619 1220; x_wconf 86' lang='lat' dir='ltr'>inclinati</span> 
     </span>
     <span class='ocr_line' id='line_1_30' title="bbox 298 1237 627 1277; baseline 0 -8"><span class='ocrx_word' id='word_1_66' title='bbox 298 1237 402 1269; x_wconf 84' lang='lat' dir='ltr'>Huius</span> <span class='ocrx_word' id='word_1_67' title='bbox 429 1237 627 1277; x_wconf 82' lang='lat' dir='ltr'>patrocinia,</span> 
     </span>
    </p>
   </div>
   <div class='ocr_carea' id='block_1_20' title="bbox 247 1315 737 1502">
    <p class='ocr_par' dir='ltr' id='par_1_22' title="bbox 247 1315 701 1454">
     <span class='ocr_line' id='line_1_31' title="bbox 251 1315 701 1357; baseline -0.002 -9"><span class='ocrx_word' id='word_1_68' title='bbox 251 1315 358 1356; x_wconf 81' lang='lat' dir='ltr'>Salve,</span> <span class='ocrx_word' id='word_1_69' title='bbox 387 1315 499 1356; x_wconf 83' lang='lat' dir='ltr'>regina</span> <span class='ocrx_word' id='word_1_70' title='bbox 526 1315 701 1357; x_wconf 88' lang='lat' dir='ltr'>caelorum,</span> 
     </span>
     <span class='ocr_line' id='line_1_32' title="bbox 247 1364 678 1405; baseline 0 -9"><span class='ocrx_word' id='word_1_71' title='bbox 247 1364 369 1405; x_wconf 79' lang='lat' dir='ltr'>Magna</span> <span class='ocrx_word' id='word_1_72' title='bbox 396 1369 500 1396; x_wconf 89' lang='lat' dir='ltr'>mater</span> <span class='ocrx_word' id='word_1_73' title='bbox 527 1364 678 1403; x_wconf 90' lang='lat' dir='ltr'>filiorum,</span> 
     </span>
     <span class='ocr_line' id='line_1_33' title="bbox 248 1413 641 1454; baseline 0 -10"><span class='ocrx_word' id='word_1_74' title='bbox 248 1413 416 1453; x_wconf 85' lang='lat' dir='ltr'>Adoptiva</span> <span class='ocrx_word' id='word_1_75' title='bbox 441 1414 641 1454; x_wconf 85' lang='lat' dir='ltr'>singulorum</span> 
     </span>
    </p>

    <p class='ocr_par' dir='ltr' id='par_1_23' title="bbox 299 1461 737 1502">
     <span class='ocr_line' id='line_1_34' title="bbox 299 1461 737 1502; baseline 0.002 -10"><span class='ocrx_word' id='word_1_76' title='bbox 299 1461 336 1493; x_wconf 88' lang='lat' dir='ltr'>ln</span> <span class='ocrx_word' id='word_1_77' title='bbox 363 1461 495 1494; x_wconf 76' lang='lat' dir='ltr'>Christo</span> <span class='ocrx_word' id='word_1_78' title='bbox 522 1461 737 1502; x_wconf 83' lang='lat' dir='ltr'>credentium,</span> 
     </span>
    </p>
   </div>
   <div class='ocr_carea' id='block_1_21' title="bbox 857 215 1479 258">
    <p class='ocr_par' dir='ltr' id='par_1_24' title="bbox 857 215 1479 258">
     <span class='ocr_line' id='line_1_35' title="bbox 857 215 1479 258; baseline -0.006 -6"><span class='ocrx_word' id='word_1_79' title='bbox 857 217 922 252; x_wconf 88' lang='lat' dir='ltr'>2b.</span> <span class='ocrx_word' id='word_1_80' title='bbox 958 218 995 250; x_wconf 94' lang='lat' dir='ltr'>In</span> <span class='ocrx_word' id='word_1_81' title='bbox 1020 217 1191 258; x_wconf 86' lang='lat' dir='ltr'>scripturis</span> <span class='ocrx_word' id='word_1_82' title='bbox 1215 216 1317 250; x_wconf 87' lang='lat' dir='ltr'>sacris</span> <span class='ocrx_word' id='word_1_83' title='bbox 1345 215 1479 248; x_wconf 84' lang='lat' dir='ltr'>studens</span> 
     </span>
    </p>
   </div>
   <div class='ocr_carea' id='block_1_22' title="bbox 857 393 920 427">
    <p class='ocr_par' dir='ltr' id='par_1_25' title="bbox 857 393 920 427">
     <span class='ocr_line' id='line_1_36' title="bbox 857 393 920 427; baseline 0 0"><span class='ocrx_word' id='word_1_84' title='bbox 857 393 920 427; x_wconf 88' lang='lat' dir='ltr'>3b.</span> 
     </span>
    </p>
   </div>
   <div class='ocr_carea' id='block_1_23' title="bbox 856 567 919 600">
    <p class='ocr_par' dir='ltr' id='par_1_26' title="bbox 856 567 919 600">
     <span class='ocr_line' id='line_1_37' title="bbox 856 567 919 600; baseline -0.016 0"><span class='ocrx_word' id='word_1_85' title='bbox 856 567 919 600; x_wconf 87' lang='lat' dir='ltr'>4b.</span> 
     </span>
    </p>
   </div>
   <div class='ocr_carea' id='block_1_24' title="bbox 858 742 920 775">
    <p class='ocr_par' dir='ltr' id='par_1_27' title="bbox 858 742 920 775">
     <span class='ocr_line' id='line_1_38' title="bbox 858 742 920 775; baseline -0.016 0"><span class='ocrx_word' id='word_1_86' title='bbox 858 742 920 775; x_wconf 84' lang='lat' dir='ltr'>5b.</span> 
     </span>
    </p>
   </div>
   <div class='ocr_carea' id='block_1_25' title="bbox 858 918 918 951">
    <p class='ocr_par' dir='ltr' id='par_1_28' title="bbox 858 918 918 951">
     <span class='ocr_line' id='line_1_39' title="bbox 858 918 918 951; baseline 0 0"><span class='ocrx_word' id='word_1_87' title='bbox 858 918 918 951; x_wconf 86' lang='lat' dir='ltr'>6b.</span> 
     </span>
    </p>
   </div>
   <div class='ocr_carea' id='block_1_26' title="bbox 857 1315 920 1350">
    <p class='ocr_par' dir='ltr' id='par_1_29' title="bbox 857 1315 920 1350">
     <span class='ocr_line' id='line_1_40' title="bbox 857 1315 920 1350; baseline 0 -1"><span class='ocrx_word' id='word_1_88' title='bbox 857 1315 920 1350; x_wconf 86' lang='lat' dir='ltr'>8b.</span> 
     </span>
    </p>
   </div>
   <div class='ocr_carea' id='block_1_27' title="bbox 953 264 1496 348">
    <p class='ocr_par' dir='ltr' id='par_1_30' title="bbox 953 264 1496 348">
     <span class='ocr_line' id='line_1_41' title="bbox 953 264 1496 308; baseline -0.002 -10"><span class='ocrx_word' id='word_1_89' title='bbox 953 266 1104 308; x_wconf 82' lang='lat' dir='ltr'>Quaerit,</span> <span class='ocrx_word' id='word_1_90' title='bbox 1131 266 1215 299; x_wconf 89' lang='lat' dir='ltr'>sicut</span> <span class='ocrx_word' id='word_1_91' title='bbox 1243 265 1314 306; x_wconf 91' lang='lat' dir='ltr'>apis</span> <span class='ocrx_word' id='word_1_92' title='bbox 1341 264 1496 305; x_wconf 85' lang='lat' dir='ltr'>prudens,</span> 
     </span>
     <span class='ocr_line' id='line_1_42' title="bbox 1005 314 1371 348; baseline 0 -1"><span class='ocrx_word' id='word_1_93' title='bbox 1005 315 1168 348; x_wconf 88' lang='lat' dir='ltr'>Mellitam</span> <span class='ocrx_word' id='word_1_94' title='bbox 1194 314 1371 347; x_wconf 82' lang='lat' dir='ltr'>scientiam.</span> 
     </span>
    </p>
   </div>
   <div class='ocr_carea' id='block_1_28' title="bbox 953 392 1449 532">
    <p class='ocr_par' dir='ltr' id='par_1_31' title="bbox 953 392 1449 532">
     <span class='ocr_line' id='line_1_43' title="bbox 955 392 1448 426; baseline -0.004 0"><span class='ocrx_word' id='word_1_95' title='bbox 955 393 1011 426; x_wconf 85' lang='lat' dir='ltr'>Ad</span> <span class='ocrx_word' id='word_1_96' title='bbox 1038 393 1207 425; x_wconf 85' lang='lat' dir='ltr'>colendum</span> <span class='ocrx_word' id='word_1_97' title='bbox 1233 393 1361 424; x_wconf 88' lang='lat' dir='ltr'>hortum</span> <span class='ocrx_word' id='word_1_98' title='bbox 1388 392 1448 424; x_wconf 87' lang='lat' dir='ltr'>Dei</span> 
     </span>
     <span class='ocr_line' id='line_1_44' title="bbox 953 440 1378 482; baseline -0.002 -8"><span class='ocrx_word' id='word_1_99' title='bbox 953 441 1027 474; x_wconf 91' lang='lat' dir='ltr'>Non</span> <span class='ocrx_word' id='word_1_100' title='bbox 1052 442 1200 482; x_wconf 84' lang='lat' dir='ltr'>quiescit,</span> <span class='ocrx_word' id='word_1_101' title='bbox 1226 441 1285 473; x_wconf 85' lang='lat' dir='ltr'>sed</span> <span class='ocrx_word' id='word_1_102' title='bbox 1312 440 1378 473; x_wconf 84' lang='lat' dir='ltr'>diei</span> 
     </span>
     <span class='ocr_line' id='line_1_45' title="bbox 1002 490 1449 532; baseline 0 -10"><span class='ocrx_word' id='word_1_103' title='bbox 1002 491 1117 522; x_wconf 86' lang='lat' dir='ltr'>Portat</span> <span class='ocrx_word' id='word_1_104' title='bbox 1142 493 1262 532; x_wconf 85' lang='lat' dir='ltr'>aestus,</span> <span class='ocrx_word' id='word_1_105' title='bbox 1291 490 1449 529; x_wconf 87' lang='lat' dir='ltr'>pondera.</span> 
     </span>
    </p>
   </div>
   <div class='ocr_carea' id='block_1_29' title="bbox 954 566 1409 704">
    <p class='ocr_par' dir='ltr' id='par_1_32' title="bbox 954 566 1409 704">
     <span class='ocr_line' id='line_1_46' title="bbox 958 566 1409 610; baseline 0 -11"><span class='ocrx_word' id='word_1_106' title='bbox 958 567 1075 600; x_wconf 89' lang='lat' dir='ltr'>Terret</span> <span class='ocrx_word' id='word_1_107' title='bbox 1101 568 1195 607; x_wconf 90' lang='lat' dir='ltr'>lupos</span> <span class='ocrx_word' id='word_1_108' title='bbox 1222 566 1409 610; x_wconf 80' lang='lat' dir='ltr'>infernales,</span> 
     </span>
     <span class='ocr_line' id='line_1_47' title="bbox 954 615 1406 656; baseline 0 -8"><span class='ocrx_word' id='word_1_109' title='bbox 954 615 1119 648; x_wconf 86' lang='lat' dir='ltr'>Monstrat</span> <span class='ocrx_word' id='word_1_110' title='bbox 1145 616 1213 648; x_wconf 86' lang='lat' dir='ltr'>vias</span> <span class='ocrx_word' id='word_1_111' title='bbox 1240 616 1406 656; x_wconf 86' lang='lat' dir='ltr'>spiritales</span> 
     </span>
     <span class='ocr_line' id='line_1_48' title="bbox 1004 664 1344 704; baseline 0.003 -7"><span class='ocrx_word' id='word_1_112' title='bbox 1004 664 1130 704; x_wconf 79' lang='lat' dir='ltr'>Quietis</span> <span class='ocrx_word' id='word_1_113' title='bbox 1155 668 1344 704; x_wconf 79' lang='lat' dir='ltr'>perpetuae.</span> 
     </span>
    </p>
   </div>
   <div class='ocr_carea' id='block_1_30' title="bbox 955 742 1501 872">
    <p class='ocr_par' dir='ltr' id='par_1_33' title="bbox 955 742 1501 872">
     <span class='ocr_line' id='line_1_49' title="bbox 957 742 1501 784; baseline -0.004 -9"><span class='ocrx_word' id='word_1_114' title='bbox 957 742 1088 776; x_wconf 85' lang='lat' dir='ltr'>Christo</span> <span class='ocrx_word' id='word_1_115' title='bbox 1113 751 1211 784; x_wconf 84' lang='lat' dir='ltr'>passo</span> <span class='ocrx_word' id='word_1_116' title='bbox 1236 743 1284 774; x_wconf 83' lang='lat' dir='ltr'>sic</span> <span class='ocrx_word' id='word_1_117' title='bbox 1312 751 1501 783; x_wconf 83' lang='lat' dir='ltr'>compassus</span> 
     </span>
     <span class='ocr_line' id='line_1_50' title="bbox 955 791 1499 831; baseline -0.006 -6"><span class='ocrx_word' id='word_1_118' title='bbox 955 791 1058 825; x_wconf 86' lang='lat' dir='ltr'>Huius</span> <span class='ocrx_word' id='word_1_119' title='bbox 1092 793 1178 824; x_wconf 86' lang='lat' dir='ltr'>vitae</span> <span class='ocrx_word' id='word_1_120' title='bbox 1204 791 1343 831; x_wconf 86' lang='lat' dir='ltr'>complet</span> <span class='ocrx_word' id='word_1_121' title='bbox 1371 800 1499 831; x_wconf 85' lang='lat' dir='ltr'>passus,</span> 
     </span>
     <span class='ocr_line' id='line_1_51' title="bbox 1007 840 1408 872; baseline 0 0"><span class='ocrx_word' id='word_1_122' title='bbox 1007 840 1136 872; x_wconf 84' lang='lat' dir='ltr'>Intrans</span> <span class='ocrx_word' id='word_1_123' title='bbox 1165 840 1246 872; x_wconf 88' lang='lat' dir='ltr'>caeli</span> <span class='ocrx_word' id='word_1_124' title='bbox 1274 840 1408 872; x_wconf 88' lang='lat' dir='ltr'>curiam.</span> 
     </span>
    </p>
   </div>
   <div class='ocr_carea' id='block_1_31' title="bbox 956 917 1457 1048">
    <p class='ocr_par' dir='ltr' id='par_1_34' title="bbox 956 917 1457 1048">
     <span class='ocr_line' id='line_1_52' title="bbox 959 917 1457 959; baseline -0.002 -9"><span class='ocrx_word' id='word_1_125' title='bbox 959 919 1053 951; x_wconf 85' lang='lat' dir='ltr'>Caeci</span> <span class='ocrx_word' id='word_1_126' title='bbox 1081 919 1204 959; x_wconf 82' lang='lat' dir='ltr'>vident,</span> <span class='ocrx_word' id='word_1_127' title='bbox 1231 919 1310 950; x_wconf 90' lang='lat' dir='ltr'>muti</span> <span class='ocrx_word' id='word_1_128' title='bbox 1338 917 1457 955; x_wconf 75' lang='lat' dir='ltr'>fantur.</span> 
     </span>
     <span class='ocr_line' id='line_1_53' title="bbox 956 967 1410 1005; baseline -0.004 -5"><span class='ocrx_word' id='word_1_129' title='bbox 956 967 1082 1005; x_wconf 88' lang='lat' dir='ltr'>Claudi,</span> <span class='ocrx_word' id='word_1_130' title='bbox 1110 967 1201 999; x_wconf 85' lang='lat' dir='ltr'>surdi</span> <span class='ocrx_word' id='word_1_131' title='bbox 1227 967 1410 999; x_wconf 79' lang='lat' dir='ltr'>liberantur</span> 
     </span>
     <span class='ocr_line' id='line_1_54' title="bbox 1002 1015 1408 1048; baseline 0.002 -1"><span class='ocrx_word' id='word_1_132' title='bbox 1002 1016 1032 1047; x_wconf 91' lang='lat' dir='ltr'>A</span> <span class='ocrx_word' id='word_1_133' title='bbox 1060 1015 1245 1047; x_wconf 89' lang='lat' dir='ltr'>morborum</span> <span class='ocrx_word' id='word_1_134' title='bbox 1272 1015 1408 1048; x_wconf 76' lang='lat' dir='ltr'>macula.</span> 
     </span>
    </p>
   </div>
   <div class='ocr_carea' id='block_1_32' title="bbox 953 1092 1487 1277">
    <p class='ocr_par' dir='ltr' id='par_1_35' title="bbox 956 1092 1409 1132">
     <span class='ocr_line' id='line_1_55' title="bbox 956 1092 1409 1132; baseline 0 -8"><span class='ocrx_word' id='word_1_135' title='bbox 956 1093 999 1125; x_wconf 73' lang='lat' dir='ltr'>L&#39;t</span> <span class='ocrx_word' id='word_1_136' title='bbox 1027 1103 1045 1124; x_wconf 84' lang='lat' dir='ltr'>a</span> <span class='ocrx_word' id='word_1_137' title='bbox 1071 1093 1175 1132; x_wconf 88' lang='lat' dir='ltr'>culpis</span> <span class='ocrx_word' id='word_1_138' title='bbox 1203 1092 1409 1124; x_wconf 84' lang='lat' dir='ltr'>sublevemur</span> 
     </span>
    </p>

    <p class='ocr_par' dir='ltr' id='par_1_36' title="bbox 953 1140 1377 1173">
     <span class='ocr_line' id='line_1_56' title="bbox 953 1140 1377 1173; baseline -0.005 0"><span class='ocrx_word' id='word_1_139' title='bbox 953 1141 997 1173; x_wconf 87' lang='lat' dir='ltr'>Et</span> <span class='ocrx_word' id='word_1_140' title='bbox 1025 1140 1198 1172; x_wconf 83' lang='lat' dir='ltr'>virtutibus</span> <span class='ocrx_word' id='word_1_141' title='bbox 1225 1149 1377 1172; x_wconf 88' lang='lat' dir='ltr'>ornemur</span> 
     </span>
    </p>

    <p class='ocr_par' dir='ltr' id='par_1_37' title="bbox 953 1190 1487 1277">
     <span class='ocr_line' id='line_1_57' title="bbox 953 1190 1487 1229; baseline -0.002 -8"><span class='ocrx_word' id='word_1_142' title='bbox 953 1190 1031 1222; x_wconf 90' lang='lat' dir='ltr'>Post</span> <span class='ocrx_word' id='word_1_143' title='bbox 1056 1194 1257 1229; x_wconf 88' lang='lat' dir='ltr'>mortemque</span> <span class='ocrx_word' id='word_1_144' title='bbox 1285 1190 1487 1220; x_wconf 81' lang='lat' dir='ltr'>collocemur</span> 
     </span>
     <span class='ocr_line' id='line_1_58' title="bbox 1006 1237 1352 1277; baseline 0.006 -8"><span class='ocrx_word' id='word_1_145' title='bbox 1006 1238 1043 1269; x_wconf 87' lang='lat' dir='ltr'>In</span> <span class='ocrx_word' id='word_1_146' title='bbox 1071 1237 1204 1269; x_wconf 82' lang='lat' dir='ltr'>caelesti</span> <span class='ocrx_word' id='word_1_147' title='bbox 1234 1237 1352 1277; x_wconf 82' lang='lat' dir='ltr'>patria.</span> 
     </span>
    </p>
   </div>
   <div class='ocr_carea' id='block_1_33' title="bbox 955 1315 1498 1543">
    <p class='ocr_par' dir='ltr' id='par_1_38' title="bbox 955 1315 1498 1543">
     <span class='ocr_line' id='line_1_59' title="bbox 960 1315 1498 1356; baseline -0.006 -8"><span class='ocrx_word' id='word_1_148' title='bbox 960 1316 1099 1356; x_wconf 86' lang='lat' dir='ltr'>Propter</span> <span class='ocrx_word' id='word_1_149' title='bbox 1117 1319 1263 1348; x_wconf 82' lang='lat' dir='ltr'>sanctum</span> <span class='ocrx_word' id='word_1_150' title='bbox 1282 1315 1367 1347; x_wconf 81' lang='lat' dir='ltr'>hunc</span> <span class='ocrx_word' id='word_1_151' title='bbox 1387 1318 1498 1356; x_wconf 86' lang='lat' dir='ltr'>pasto-</span> 
     </span>
     <span class='ocr_line' id='line_1_60' title="bbox 1246 1373 1324 1403; baseline -0.026 -7"><span class='ocrx_word' id='word_1_152' title='bbox 1246 1373 1324 1403; x_wconf 77' lang='lat' dir='ltr'>rem,</span> 
     </span>
     <span class='ocr_line' id='line_1_61' title="bbox 956 1413 1437 1453; baseline -0.002 -8"><span class='ocrx_word' id='word_1_153' title='bbox 956 1413 1058 1445; x_wconf 85' lang='lat' dir='ltr'>Tuum</span> <span class='ocrx_word' id='word_1_154' title='bbox 1086 1422 1196 1445; x_wconf 88' lang='lat' dir='ltr'>verum</span> <span class='ocrx_word' id='word_1_155' title='bbox 1225 1413 1437 1453; x_wconf 77' lang='lat' dir='ltr'>laudatorem,</span> 
     </span>
     <span class='ocr_line' id='line_1_62' title="bbox 955 1462 1471 1503; baseline -0.002 -10"><span class='ocrx_word' id='word_1_156' title='bbox 955 1462 1058 1494; x_wconf 81' lang='lat' dir='ltr'>Pasce</span> <span class='ocrx_word' id='word_1_157' title='bbox 1085 1471 1224 1503; x_wconf 81' lang='lat' dir='ltr'>gregem,</span> <span class='ocrx_word' id='word_1_158' title='bbox 1255 1462 1340 1494; x_wconf 87' lang='lat' dir='ltr'>dona</span> <span class='ocrx_word' id='word_1_159' title='bbox 1365 1470 1471 1494; x_wconf 87' lang='lat' dir='ltr'>rorem</span> 
     </span>
     <span class='ocr_line' id='line_1_63' title="bbox 1005 1509 1374 1543; baseline 0 -1"><span class='ocrx_word' id='word_1_160' title='bbox 1005 1509 1191 1543; x_wconf 82' lang='lat' dir='ltr'>Gratiarum</span> <span class='ocrx_word' id='word_1_161' title='bbox 1221 1510 1374 1542; x_wconf 88' lang='lat' dir='ltr'>omnium.</span> 
     </span>
    </p>
   </div>
   <div class='ocr_carea' id='block_1_34' title="bbox 146 1604 1501 1682">
    <p class='ocr_par' dir='ltr' id='par_1_39' title="bbox 146 1604 1501 1682">
     <span class='ocr_line' id='line_1_64' title="bbox 227 1604 1501 1642; baseline 0 -8"><span class='ocrx_word' id='word_1_162' title='bbox 227 1607 312 1634; x_wconf 82' lang='lat' dir='ltr'>Miss.</span> <span class='ocrx_word' id='word_1_163' title='bbox 336 1615 389 1634; x_wconf 85' lang='lat' dir='ltr'>ms.</span> <span class='ocrx_word' id='word_1_164' title='bbox 413 1606 558 1634; x_wconf 78' lang='lat' dir='ltr'>Searense</span> <span class='ocrx_word' id='word_1_165' title='bbox 579 1615 657 1634; x_wconf 83' lang='lat' dir='ltr'>saee.</span> <span class='ocrx_word' id='word_1_166' title='bbox 681 1605 726 1634; x_wconf 78' lang='lat'>15.</span> <span class='ocrx_word' id='word_1_167' title='bbox 748 1606 821 1635; x_wconf 81' lang='lat' dir='ltr'>Cod.</span> <span class='ocrx_word' id='word_1_168' title='bbox 841 1606 986 1642; x_wconf 72' lang='lat' dir='ltr'>Upsalen.</span> <span class='ocrx_word' id='word_1_169' title='bbox 1003 1606 1035 1633; x_wconf 76' lang='lat' dir='ltr'>C.</span> <span class='ocrx_word' id='word_1_170' title='bbox 1057 1604 1122 1634; x_wconf 72' lang='lat'>427.</span> <span class='ocrx_word' id='word_1_171' title='bbox 1140 1607 1173 1634; x_wconf 76' lang='lat' dir='ltr'>A.</span> <span class='ocrx_word' id='word_1_172' title='bbox 1198 1621 1232 1625; x_wconf 84' lang='lat'>—</span> <span class='ocrx_word' id='word_1_173' title='bbox 1254 1608 1341 1635; x_wconf 66' lang='lat' dir='ltr'>Brev.</span> <span class='ocrx_word' id='word_1_174' title='bbox 1358 1609 1501 1634; x_wconf 66' lang='lat' dir='ltr'>Scarense</span> 
     </span>
     <span class='ocr_line' id='line_1_65' title="bbox 146 1644 1154 1682; baseline -0.002 -9"><span class='ocrx_word' id='word_1_175' title='bbox 146 1646 217 1682; x_wconf 89' lang='lat' dir='ltr'>imp.</span> <span class='ocrx_word' id='word_1_176' title='bbox 243 1646 439 1682; x_wconf 84' lang='lat' dir='ltr'>Norimberge</span> <span class='ocrx_word' id='word_1_177' title='bbox 464 1644 546 1673; x_wconf 77' lang='lat'>1498.</span> <span class='ocrx_word' id='word_1_178' title='bbox 569 1646 601 1673; x_wconf 89' lang='lat' dir='ltr'>B.</span> <span class='ocrx_word' id='word_1_179' title='bbox 623 1661 660 1666; x_wconf 91' lang='lat'><em>-</em></span> <span class='ocrx_word' id='word_1_180' title='bbox 682 1646 739 1674; x_wconf 82' lang='lat' dir='ltr'>Csr.</span> <span class='ocrx_word' id='word_1_181' title='bbox 762 1646 934 1682; x_wconf 84' lang='lat' dir='ltr'>Klemming</span> <span class='ocrx_word' id='word_1_182' title='bbox 956 1647 978 1676; x_wconf 80' lang='grc' dir='ltr'>Ι,</span> <span class='ocrx_word' id='word_1_183' title='bbox 1001 1655 1028 1681; x_wconf 84' lang='lat' dir='ltr'>p.</span> <span class='ocrx_word' id='word_1_184' title='bbox 1052 1644 1085 1672; x_wconf 88' lang='lat'>71</span> <span class='ocrx_word' id='word_1_185' title='bbox 1111 1655 1154 1682; x_wconf 83' lang='lat' dir='ltr'>sq.</span> 
     </span>
    </p>
   </div>
   <div class='ocr_carea' id='block_1_35' title="bbox 600 1760 1050 1793">
    <p class='ocr_par' dir='ltr' id='par_1_40' title="bbox 600 1760 1050 1793">
     <span class='ocr_line' id='line_1_66' title="bbox 600 1760 1050 1793; baseline 0 -1"><span class='ocrx_word' id='word_1_186' title='bbox 600 1761 663 1792; x_wconf 77' lang='grc'>196.</span> <span class='ocrx_word' id='word_1_187' title='bbox 698 1762 740 1792; x_wconf 87' lang='lat' dir='ltr'>De</span> <span class='ocrx_word' id='word_1_188' title='bbox 764 1763 877 1793; x_wconf 79' lang='lat' dir='ltr'>sancta</span> <span class='ocrx_word' id='word_1_189' title='bbox 902 1760 1050 1793; x_wconf 78' lang='lat' dir='ltr'>Caecilia.</span> 
     </span>
    </p>
   </div>
   <div class='ocr_carea' id='block_1_36' title="bbox 245 1853 682 2042">
    <p class='ocr_par' dir='ltr' id='par_1_41' title="bbox 252 1853 634 1887">
     <span class='ocr_line' id='line_1_67' title="bbox 252 1853 634 1887; baseline 0.003 -2"><span class='ocrx_word' id='word_1_190' title='bbox 252 1853 444 1886; x_wconf 84' lang='lat' dir='ltr'>Praeclarae</span> <span class='ocrx_word' id='word_1_191' title='bbox 472 1854 634 1887; x_wconf 87' lang='lat' dir='ltr'>Caeciliae</span> 
     </span>
    </p>

    <p class='ocr_par' dir='ltr' id='par_1_42' title="bbox 245 1902 641 1944">
     <span class='ocr_line' id='line_1_68' title="bbox 245 1902 641 1944; baseline 0.005 -10"><span class='ocrx_word' id='word_1_192' title='bbox 245 1902 447 1943; x_wconf 87' lang='lat' dir='ltr'>Depromant</span> <span class='ocrx_word' id='word_1_193' title='bbox 475 1903 641 1944; x_wconf 85' lang='lat' dir='ltr'>virgineae</span> 
     </span>
    </p>

    <p class='ocr_par' dir='ltr' id='par_1_43' title="bbox 246 1952 682 2042">
     <span class='ocr_line' id='line_1_69' title="bbox 246 1952 682 1985; baseline 0.002 -1"><span class='ocrx_word' id='word_1_194' title='bbox 246 1952 376 1984; x_wconf 70' lang='lat' dir='ltr'>Montes</span> <span class='ocrx_word' id='word_1_195' title='bbox 404 1960 489 1984; x_wconf 90' lang='lat' dir='ltr'>nunc</span> <span class='ocrx_word' id='word_1_196' title='bbox 516 1952 682 1985; x_wconf 86' lang='lat' dir='ltr'>laetitiae:</span> 
     </span>
     <span class='ocr_line' id='line_1_70' title="bbox 293 2000 536 2042; baseline 0.004 -9"><span class='ocrx_word' id='word_1_197' title='bbox 293 2000 406 2042; x_wconf 86' lang='lat' dir='ltr'>Virgo,</span> <span class='ocrx_word' id='word_1_198' title='bbox 435 2001 536 2034; x_wconf 85' lang='lat' dir='ltr'>salve.</span> 
     </span>
    </p>
   </div>
   <div class='ocr_carea' id='block_1_37' title="bbox 244 2078 724 2268">
    <p class='ocr_par' dir='ltr' id='par_1_44' title="bbox 244 2078 724 2120">
     <span class='ocr_line' id='line_1_71' title="bbox 244 2078 724 2120; baseline 0.002 -10"><span class='ocrx_word' id='word_1_199' title='bbox 244 2078 336 2119; x_wconf 83' lang='lat' dir='ltr'>Quod</span> <span class='ocrx_word' id='word_1_200' title='bbox 364 2086 464 2120; x_wconf 87' lang='lat' dir='ltr'>super</span> <span class='ocrx_word' id='word_1_201' title='bbox 490 2079 724 2112; x_wconf 86' lang='lat' dir='ltr'>candelabrum</span> 
     </span>
    </p>

    <p class='ocr_par' dir='ltr' id='par_1_45' title="bbox 245 2127 674 2168">
     <span class='ocr_line' id='line_1_72' title="bbox 245 2127 674 2168; baseline 0 -8"><span class='ocrx_word' id='word_1_202' title='bbox 245 2127 337 2160; x_wconf 81' lang='lat' dir='ltr'>Dans</span> <span class='ocrx_word' id='word_1_203' title='bbox 365 2131 496 2160; x_wconf 82' lang='lat' dir='ltr'>creator</span> <span class='ocrx_word' id='word_1_204' title='bbox 521 2128 674 2168; x_wconf 89' lang='lat' dir='ltr'>omnium,</span> 
     </span>
    </p>

    <p class='ocr_par' dir='ltr' id='par_1_46' title="bbox 244 2177 637 2268">
     <span class='ocr_line' id='line_1_73' title="bbox 244 2177 637 2218; baseline 0 -8"><span class='ocrx_word' id='word_1_205' title='bbox 244 2177 291 2210; x_wconf 87' lang='lat' dir='ltr'>Ut</span> <span class='ocrx_word' id='word_1_206' title='bbox 314 2177 460 2209; x_wconf 84' lang='lat' dir='ltr'>illustret</span> <span class='ocrx_word' id='word_1_207' title='bbox 485 2177 637 2218; x_wconf 75' lang='lat' dir='ltr'>devium3</span> 
     </span>
     <span class='ocr_line' id='line_1_74' title="bbox 294 2226 535 2268; baseline 0.012 -10"><span class='ocrx_word' id='word_1_208' title='bbox 294 2226 404 2268; x_wconf 86' lang='lat' dir='ltr'>Virgo,</span> <span class='ocrx_word' id='word_1_209' title='bbox 433 2226 535 2261; x_wconf 83' lang='lat' dir='ltr'>salve.</span> 
     </span>
    </p>
   </div>
   <div class='ocr_carea' id='block_1_38' title="bbox 240 2303 640 2495">
    <p class='ocr_par' dir='ltr' id='par_1_47' title="bbox 240 2303 640 2338">
     <span class='ocr_line' id='line_1_75' title="bbox 240 2303 640 2338; baseline 0.003 -1"><span class='ocrx_word' id='word_1_210' title='bbox 240 2307 348 2337; x_wconf 85' lang='lat' dir='ltr'>Arcus</span> <span class='ocrx_word' id='word_1_211' title='bbox 376 2309 411 2337; x_wconf 86' lang='lat' dir='ltr'>tu</span> <span class='ocrx_word' id='word_1_212' title='bbox 437 2313 471 2336; x_wconf 91' lang='lat' dir='ltr'>es</span> <span class='ocrx_word' id='word_1_213' title='bbox 497 2303 640 2338; x_wconf 88' lang='lat' dir='ltr'>foederis</span> 
     </span>
    </p>

    <p class='ocr_par' dir='ltr' id='par_1_48' title="bbox 244 2353 555 2395">
     <span class='ocr_line' id='line_1_76' title="bbox 244 2353 555 2395; baseline 0.003 -9"><span class='ocrx_word' id='word_1_214' title='bbox 244 2353 399 2395; x_wconf 83' lang='lat' dir='ltr'>Variique</span> <span class='ocrx_word' id='word_1_215' title='bbox 424 2354 555 2395; x_wconf 85' lang='lat' dir='ltr'>coloris,</span> 
     </span>
    </p>

    <p class='ocr_par' dir='ltr' id='par_1_49' title="bbox 241 2401 552 2495">
     <span class='ocr_line' id='line_1_77' title="bbox 241 2401 552 2444; baseline 0.003 -9"><span class='ocrx_word' id='word_1_216' title='bbox 241 2401 376 2436; x_wconf 88' lang='lat' dir='ltr'>Mirifici</span> <span class='ocrx_word' id='word_1_217' title='bbox 404 2403 552 2444; x_wconf 89' lang='lat' dir='ltr'>decoris;</span> 
     </span>
     <span class='ocr_line' id='line_1_78' title="bbox 291 2451 532 2495; baseline 0.008 -12"><span class='ocrx_word' id='word_1_218' title='bbox 291 2451 403 2495; x_wconf 82' lang='lat' dir='ltr'>Virgo,</span> <span class='ocrx_word' id='word_1_219' title='bbox 430 2453 532 2486; x_wconf 90' lang='lat' dir='ltr'>salve.</span> 
     </span>
    </p>
   </div>
   <div class='ocr_carea' id='block_1_39' title="bbox 859 1853 918 1887">
    <p class='ocr_par' dir='ltr' id='par_1_50' title="bbox 859 1853 918 1887">
     <span class='ocr_line' id='line_1_79' title="bbox 859 1853 918 1887; baseline 0.017 -1"><span class='ocrx_word' id='word_1_220' title='bbox 859 1853 918 1887; x_wconf 82' lang='lat' dir='ltr'>lb.</span> 
     </span>
    </p>
   </div>
   <div class='ocr_carea' id='block_1_40' title="bbox 857 2079 918 2114">
    <p class='ocr_par' dir='ltr' id='par_1_51' title="bbox 857 2079 918 2114">
     <span class='ocr_line' id='line_1_80' title="bbox 857 2079 918 2114; baseline -0.033 0"><span class='ocrx_word' id='word_1_221' title='bbox 857 2079 918 2114; x_wconf 89' lang='lat' dir='ltr'>2b.</span> 
     </span>
    </p>
   </div>
   <div class='ocr_carea' id='block_1_41' title="bbox 855 2304 920 2339">
    <p class='ocr_par' dir='ltr' id='par_1_52' title="bbox 855 2304 920 2339">
     <span class='ocr_line' id='line_1_81' title="bbox 855 2304 920 2339; baseline -0.031 0"><span class='ocrx_word' id='word_1_222' title='bbox 855 2304 920 2339; x_wconf 86' lang='lat' dir='ltr'>3b.</span> 
     </span>
    </p>
   </div>
   <div class='ocr_carea' id='block_1_42' title="bbox 953 1854 1333 2043">
    <p class='ocr_par' dir='ltr' id='par_1_53' title="bbox 956 1854 1333 1896">
     <span class='ocr_line' id='line_1_82' title="bbox 956 1854 1333 1896; baseline 0 -9"><span class='ocrx_word' id='word_1_223' title='bbox 956 1854 1132 1896; x_wconf 72' lang='lat' dir='ltr'>Egressum</span> <span class='ocrx_word' id='word_1_224' title='bbox 1159 1855 1333 1895; x_wconf 83' lang='lat' dir='ltr'>purissime</span> 
     </span>
    </p>

    <p class='ocr_par' dir='ltr' id='par_1_54' title="bbox 953 1903 1251 1944">
     <span class='ocr_line' id='line_1_83' title="bbox 953 1903 1251 1944; baseline -0.003 -8"><span class='ocrx_word' id='word_1_225' title='bbox 953 1903 1076 1936; x_wconf 89' lang='lat' dir='ltr'>Ablata</span> <span class='ocrx_word' id='word_1_226' title='bbox 1103 1904 1251 1944; x_wconf 82' lang='lat' dir='ltr'>rubigine</span> 
     </span>
    </p>

    <p class='ocr_par' dir='ltr' id='par_1_55' title="bbox 953 1952 1322 2043">
     <span class='ocr_line' id='line_1_84' title="bbox 953 1952 1322 1993; baseline -0.005 -8"><span class='ocrx_word' id='word_1_227' title='bbox 953 1952 1013 1985; x_wconf 84' lang='lat' dir='ltr'>Est</span> <span class='ocrx_word' id='word_1_228' title='bbox 1040 1962 1096 1985; x_wconf 76' lang='lat' dir='ltr'>vas</span> <span class='ocrx_word' id='word_1_229' title='bbox 1123 1953 1322 1993; x_wconf 65' lang='lat' dir='ltr'>pudicitiae,</span> 
     </span>
     <span class='ocr_line' id='line_1_85' title="bbox 1002 2002 1244 2043; baseline 0 -10"><span class='ocrx_word' id='word_1_230' title='bbox 1002 2002 1118 2043; x_wconf 80' lang='lat' dir='ltr'>Virgo,</span> <span class='ocrx_word' id='word_1_231' title='bbox 1146 2002 1244 2034; x_wconf 86' lang='lat' dir='ltr'>salve.</span> 
     </span>
    </p>
   </div>
   <div class='ocr_carea' id='block_1_43' title="bbox 953 2079 1401 2268">
    <p class='ocr_par' dir='ltr' id='par_1_56' title="bbox 956 2079 1401 2119">
     <span class='ocr_line' id='line_1_86' title="bbox 956 2079 1401 2119; baseline -0.002 -6"><span class='ocrx_word' id='word_1_232' title='bbox 956 2080 1083 2113; x_wconf 86' lang='lat' dir='ltr'>Lumen</span> <span class='ocrx_word' id='word_1_233' title='bbox 1110 2079 1224 2112; x_wconf 86' lang='lat' dir='ltr'>stellae</span> <span class='ocrx_word' id='word_1_234' title='bbox 1253 2080 1401 2119; x_wconf 87' lang='lat' dir='ltr'>marium,</span> 
     </span>
    </p>

    <p class='ocr_par' dir='ltr' id='par_1_57' title="bbox 953 2128 1395 2170">
     <span class='ocr_line' id='line_1_87' title="bbox 953 2128 1395 2170; baseline -0.002 -9"><span class='ocrx_word' id='word_1_235' title='bbox 953 2128 1074 2170; x_wconf 89' lang='lat' dir='ltr'>Arbor,</span> <span class='ocrx_word' id='word_1_236' title='bbox 1103 2129 1135 2160; x_wconf 91' lang='lat' dir='ltr'>in</span> <span class='ocrx_word' id='word_1_237' title='bbox 1163 2138 1225 2168; x_wconf 87' lang='lat' dir='ltr'>qua</span> <span class='ocrx_word' id='word_1_238' title='bbox 1251 2129 1395 2168; x_wconf 87' lang='lat' dir='ltr'>plurium</span> 
     </span>
    </p>

    <p class='ocr_par' dir='ltr' id='par_1_58' title="bbox 955 2177 1324 2268">
     <span class='ocr_line' id='line_1_88' title="bbox 955 2177 1324 2219; baseline -0.003 -9"><span class='ocrx_word' id='word_1_239' title='bbox 955 2178 1053 2210; x_wconf 80' lang='lat' dir='ltr'>Cibus</span> <span class='ocrx_word' id='word_1_240' title='bbox 1079 2181 1112 2208; x_wconf 87' lang='lat' dir='ltr'>et</span> <span class='ocrx_word' id='word_1_241' title='bbox 1138 2177 1324 2219; x_wconf 58' lang='lat' dir='ltr'>tugurium,</span> 
     </span>
     <span class='ocr_line' id='line_1_89' title="bbox 1004 2226 1245 2268; baseline 0.004 -11"><span class='ocrx_word' id='word_1_242' title='bbox 1004 2227 1115 2268; x_wconf 84' lang='lat' dir='ltr'>Virgo,</span> <span class='ocrx_word' id='word_1_243' title='bbox 1143 2226 1245 2259; x_wconf 84' lang='lat' dir='ltr'>salve.</span> 
     </span>
    </p>
   </div>
   <div class='ocr_carea' id='block_1_44' title="bbox 951 2303 1463 2495">
    <p class='ocr_par' dir='ltr' id='par_1_59' title="bbox 951 2303 1463 2445">
     <span class='ocr_line' id='line_1_90' title="bbox 956 2303 1341 2346; baseline 0 -10"><span class='ocrx_word' id='word_1_244' title='bbox 956 2306 993 2337; x_wconf 93' lang='lat' dir='ltr'>In</span> <span class='ocrx_word' id='word_1_245' title='bbox 1020 2310 1052 2336; x_wconf 78' lang='lat' dir='ltr'>te</span> <span class='ocrx_word' id='word_1_246' title='bbox 1080 2303 1177 2337; x_wconf 89' lang='lat' dir='ltr'>decus</span> <span class='ocrx_word' id='word_1_247' title='bbox 1207 2304 1341 2346; x_wconf 79' lang='lat' dir='ltr'>virginis</span> 
     </span>
     <span class='ocr_line' id='line_1_91' title="bbox 953 2354 1463 2397; baseline 0.002 -11"><span class='ocrx_word' id='word_1_248' title='bbox 953 2354 1087 2397; x_wconf 78' lang='lat' dir='ltr'>Vernat,</span> <span class='ocrx_word' id='word_1_249' title='bbox 1117 2354 1193 2386; x_wconf 89' lang='lat' dir='ltr'>dum</span> <span class='ocrx_word' id='word_1_250' title='bbox 1222 2358 1257 2385; x_wconf 93' lang='lat' dir='ltr'>tu</span> <span class='ocrx_word' id='word_1_251' title='bbox 1283 2356 1463 2387; x_wconf 88' lang='lat' dir='ltr'>contemnis</span> 
     </span>
     <span class='ocr_line' id='line_1_92' title="bbox 951 2402 1326 2445; baseline 0 -10"><span class='ocrx_word' id='word_1_252' title='bbox 951 2402 1057 2435; x_wconf 84' lang='lat' dir='ltr'>Maris</span> <span class='ocrx_word' id='word_1_253' title='bbox 1084 2402 1159 2443; x_wconf 85' lang='lat' dir='ltr'>iuga</span> <span class='ocrx_word' id='word_1_254' title='bbox 1185 2402 1326 2445; x_wconf 84' lang='lat' dir='ltr'>nobilis;</span> 
     </span>
    </p>

    <p class='ocr_par' dir='ltr' id='par_1_60' title="bbox 1003 2451 1241 2495">
     <span class='ocr_line' id='line_1_93' title="bbox 1003 2451 1241 2495; baseline 0.013 -13"><span class='ocrx_word' id='word_1_255' title='bbox 1003 2451 1112 2495; x_wconf 82' lang='lat' dir='ltr'>Virgo,</span> <span class='ocrx_word' id='word_1_256' title='bbox 1141 2452 1241 2486; x_wconf 89' lang='lat' dir='ltr'>salve.</span> 
     </span>
    </p>
   </div>
  </div>
 </body>
</html>
