1654 2756
144 220 205 252 42.

142 415 204 445 58.

687 120 926 155 -20-

234 218 305 250 Tua
329 225 427 258 prece
453 216 567 249 sedula
841 216 902 250 4h.
930 217 974 251 Ut
1000 215 1146 249 vivamus
1172 214 1312 249 candide

232 267 296 299 Pro
323 266 416 298 nobis
442 264 616 306 interpella

280 315 380 355 Apud
404 318 530 355 patrem
556 313 589 345 in
617 314 726 356 caelis,

928 265 1038 305 Teque
1063 264 1233 297 laudemus
1261 264 1357 306 digne

977 313 1064 345 Puro
1087 311 1203 346 affectu
1231 313 1351 346 cordis.

231 411 283 444 Da
308 414 341 442 te
366 411 420 444 hic
446 410 639 450 colentibus,
842 409 902 444 5b.
929 410 976 444 Ut
1000 409 1062 442 hoc
1086 409 1263 442 illuminati

231 461 269 493 In
295 463 327 491 te
353 459 603 501 confidentibus,

280 509 368 540 Tuae
390 508 496 540 lumen
522 508 657 551 gratiae,

931 458 1163 498 Adipiscamur
1188 458 1268 491 laeti

980 507 1109 540 Vultum
1137 511 1211 539 tuae
1239 507 1373 548 gloriae.

213 594 376 623 Collectan.
404 604 456 622 ms.
482 595 677 622 Bohemicum
705 603 782 622 saec.
812 593 856 623 16.
884 603 929 622 ex.
971 594 1041 621 Cod.
1068 593 1276 621 Vindobonen.
1308 591 1414 621 11857.
1436 609 1474 613 —

133 634 195 660 Aue
224 634 275 661 der
307 633 441 670 Gruppe:
471 632 669 670 „sequentiae
696 633 806 661 Christi
834 633 992 661 adventum
1020 632 1212 661 recolentes“.
1232 647 1271 653 —
1293 630 1346 666 312,
1367 630 1386 660 3
1407 632 1472 660 Has

133 673 243 700 mitem.
274 687 311 690 —
343 671 469 700 Schema
500 673 647 700 offenbar:
684 673 774 700 Veni
809 675 937 700 sancte
968 673 1138 708 spiritus.
1170 687 1206 692 —-
1241 672 1286 700 Ob
1319 670 1475 699 vielleicht

134 711 310 738 lateinische
334 711 537 748 Umdichtung
558 712 641 738 eines
662 711 856 740 bfihmischen
877 710 1128 739 Adventsliedes?
1144 725 1178 729 —
1195 712 1250 738 Am
1273 709 1412 738 Schlusse
1434 710 1474 738 ist

134 749 318 786 augehfingt:
344 752 454 784 „Amen
476 753 583 778 cuncta
603 751 634 776 in
655 750 750 778 iubilo
772 754 933 787 personent
954 748 1132 786 redempta“.

146 1043 205 1076 2a.

144 1333 207 1365 3a.

144 1478 206 1509 4a.

151 1719 210 1751 6³.

152 1912 211 1944 7a.

155 2254 218 2286 9a.

581 853 608 884 3.
640 854 675 885 ln
696 852 874 885 Nativitate
895 852 1026 884 Domini.

555 946 587 977 1.
616 944 800 978 Laudemus
827 944 957 976 excelsa
982 943 1054 984 lyra

235 1042 355 1074 Natum
380 1042 483 1073 Deum
825 1040 885 1074 2b.

235 1089 275 1122 ab
302 1090 457 1121 inviolata
483 1090 628 1129 muliere,

235 1138 365 1170 sibimet
390 1137 576 1169 subiacente

235 1189 397 1227 potestate
422 1187 525 1226 patris

233 1234 350 1275 omnia,

233 1332 411 1363 Aeternum
824 1331 884 1364 3b.

232 1390 250 1411 a
274 1378 376 1419 patris
403 1380 543 1411 essentia

235 1475 278 1508 Ut
313 1475 450 1507 induens
478 1484 605 1508 carnem
634 1477 775 1509 claustra
824 1475 884 1509 4b.

237 1524 387 1556 devincat
413 1527 567 1565 tartarea,

913 1041 1102 1073 Pastoribus

912 1098 1005 1129 quem
1018 1089 1281 1129 angelinuntiant
1288 1092 1471 1121 cantantes:

917 1137 1050 1179 „Gloria
1077 1138 1109 1168 in
1137 1137 1273 1169 excelsis

911 1186 982 1218 Deo
1007 1189 1103 1226 atque
1129 1194 1192 1226 pax

911 1234 944 1266 in
970 1233 1077 1266 terra“
1095 1246 1101 1269 ;

912 1331 1031 1363 Filium

912 1380 1043 1411 missum
1073 1379 1251 1411 salvantem
1279 1379 1397 1418 saecla,

912 1477 967 1517 Et,
993 1485 1074 1516 quae
1101 1476 1196 1515 culpa
1222 1476 1418 1517 protoplasti

911 1524 1065 1565 paradiso
1091 1524 1221 1565 perdita

526 1624 557 1654 5.
585 1621 700 1663 Erant,
730 1625 928 1653 restauraret
955 1620 1084 1654 femina.

238 1717 385 1756 Namque
412 1716 452 1748 de
479 1725 516 1749 eo
830 1717 888 1751 6b.

240 1766 362 1798 dictum
390 1769 437 1796 est
464 1766 506 1798 ad

240 1813 430 1846 Bethlehem
456 1822 516 1853 per
539 1814 750 1854 prophetam:

240 1911 324 1944 Nam
351 1920 391 1944 ex
416 1915 448 1942 te
475 1912 561 1943 exiet
833 1911 894 1946 7b.

242 1960 307 1993 dux
334 1960 491 2002 excelsus,

240 2008 431 2050 phalangem

240 2057 345 2090 Israel
369 2057 423 2098 qui
449 2060 550 2099 regat,

917 1718 942 1751 Ο
968 1718 1080 1750 domus
1105 1718 1211 1761 panis,

916 1771 1004 1798 terra
1031 1766 1113 1798 Iuda

918 1819 953 1846 tu
979 1824 1041 1847 non
1069 1816 1133 1847 eris
1159 1816 1312 1855 minima3

919 1914 1098 1945 Aeternum
1124 1913 1240 1946 solium

918 1962 1146 2004 supersedens,

917 2009 1096 2042 ascendens

919 2057 1008 2102 (flos)
1037 2060 1127 2100 virga
1154 2060 1243 2092 Iesse
1268 2064 1392 2100 sancta,

496 2155 528 2188 8.
555 2154 594 2187 In
622 2163 685 2194 qua
710 2153 845 2194 quiescit
872 2155 958 2188 alma
984 2155 1088 2197 doxa3

245 2252 364 2293 Angeli
391 2261 514 2290 summa
834 2253 854 2285 9
862 2251 894 2286 b.

241 2301 291 2332 cni
318 2301 522 2341 gratulantur

293 2350 443 2384 melodia.

550 2448 606 2481 10.
634 2446 779 2481 chelidri
805 2447 884 2480 vitio

922 2253 948 2286 Ο
973 2252 1055 2307 fides
1081 2254 1187 2286 clara!

922 2307 1161 2343 propinquante
1185 2308 1218 2336 te

972 2353 1093 2385 mundo
1119 2352 1288 2386 solvantur

911 2449 1073 2491 damnata,
