<?xml version="1.0" encoding="UTF-8"?>
<!DOCTYPE html PUBLIC "-//W3C//DTD XHTML 1.0 Transitional//EN"
    "http://www.w3.org/TR/xhtml1/DTD/xhtml1-transitional.dtd">
<html xmlns="http://www.w3.org/1999/xhtml" xml:lang="en" lang="en">
 <head>
  <title>
</title>
<meta http-equiv="Content-Type" content="text/html;charset=utf-8" />
  <meta name='ocr-system' content='tesseract 3.04.00' />
  <meta name='ocr-capabilities' content='ocr_page ocr_carea ocr_par ocr_line ocrx_word'/>
</head>
<body>
  <div class='ocr_page' id='page_1' title='image "./analectahymnica42drevuoft_0156.png"; bbox 0 0 1654 2756; ppageno 0'>
   <div class='ocr_carea' id='block_1_1' title="bbox 683 136 946 171">
    <p class='ocr_par' dir='ltr' id='par_1_1' title="bbox 683 136 946 171">
     <span class='ocr_line' id='line_1_1' title="bbox 683 136 946 171; baseline 0 0"><span class='ocrx_word' id='word_1_1' title='bbox 683 136 946 171; x_wconf 81' lang='lat'>—153—</span> 
     </span>
    </p>
   </div>
   <div class='ocr_carea' id='block_1_2' title="bbox 170 232 940 326">
    <p class='ocr_par' dir='ltr' id='par_1_2' title="bbox 170 232 940 326">
     <span class='ocr_line' id='line_1_2' title="bbox 170 232 940 273; baseline 0.004 -8"><span class='ocrx_word' id='word_1_2' title='bbox 170 232 232 266; x_wconf 86' lang='lat' dir='ltr'>3a.</span> <span class='ocrx_word' id='word_1_3' title='bbox 261 233 299 265; x_wconf 87' lang='lat' dir='ltr'>In</span> <span class='ocrx_word' id='word_1_4' title='bbox 327 235 369 272; x_wconf 89' lang='lat' dir='ltr'>te,</span> <span class='ocrx_word' id='word_1_5' title='bbox 397 233 505 273; x_wconf 84' lang='lat' dir='ltr'>beata,</span> <span class='ocrx_word' id='word_1_6' title='bbox 879 235 940 270; x_wconf 84' lang='lat' dir='ltr'>3b.</span> 
     </span>
     <span class='ocr_line' id='line_1_3' title="bbox 263 281 758 326; baseline 0.004 -12"><span class='ocrx_word' id='word_1_7' title='bbox 263 281 438 316; x_wconf 87' lang='lat' dir='ltr'>descendit</span> <span class='ocrx_word' id='word_1_8' title='bbox 464 282 615 316; x_wconf 83' lang='lat' dir='ltr'>caelestis</span> <span class='ocrx_word' id='word_1_9' title='bbox 642 285 758 326; x_wconf 82' lang='lat' dir='ltr'>gratia,</span> 
     </span>
    </p>
   </div>
   <div class='ocr_carea' id='block_1_3' title="bbox 178 363 939 504">
    <p class='ocr_par' dir='ltr' id='par_1_3' title="bbox 178 363 939 504">
     <span class='ocr_line' id='line_1_4' title="bbox 178 363 939 408; baseline 0 -11"><span class='ocrx_word' id='word_1_10' title='bbox 178 366 230 398; x_wconf 66' lang='lat' dir='ltr'>la.</span> <span class='ocrx_word' id='word_1_11' title='bbox 255 365 301 397; x_wconf 88' lang='lat' dir='ltr'>Et</span> <span class='ocrx_word' id='word_1_12' title='bbox 327 363 406 398; x_wconf 85' lang='lat' dir='ltr'>fecit</span> <span class='ocrx_word' id='word_1_13' title='bbox 433 366 575 408; x_wconf 83' lang='lat' dir='ltr'>dignam,</span> <span class='ocrx_word' id='word_1_14' title='bbox 881 366 939 400; x_wconf 89' lang='lat' dir='ltr'>4b.</span> 
     </span>
     <span class='ocr_line' id='line_1_5' title="bbox 262 413 677 455; baseline 0.007 -10"><span class='ocrx_word' id='word_1_15' title='bbox 262 417 300 445; x_wconf 87' lang='lat' dir='ltr'>ut</span> <span class='ocrx_word' id='word_1_16' title='bbox 326 413 426 455; x_wconf 84' lang='lat' dir='ltr'>digna</span> <span class='ocrx_word' id='word_1_17' title='bbox 454 415 551 455; x_wconf 85' lang='lat' dir='ltr'>digne</span> <span class='ocrx_word' id='word_1_18' title='bbox 578 414 677 448; x_wconf 79' lang='lat' dir='ltr'>filiam</span> 
     </span>
     <span class='ocr_line' id='line_1_6' title="bbox 262 463 700 504; baseline 0.002 -10"><span class='ocrx_word' id='word_1_19' title='bbox 262 471 438 503; x_wconf 83' lang='lat' dir='ltr'>generares</span> <span class='ocrx_word' id='word_1_20' title='bbox 467 463 700 504; x_wconf 76' lang='lat' dir='ltr'>dignissimam,</span> 
     </span>
    </p>
   </div>
   <div class='ocr_carea' id='block_1_4' title="bbox 175 545 940 724">
    <p class='ocr_par' dir='ltr' id='par_1_4' title="bbox 175 545 940 724">
     <span class='ocr_line' id='line_1_7' title="bbox 175 545 940 586; baseline -0.001 -8"><span class='ocrx_word' id='word_1_21' title='bbox 175 547 236 580; x_wconf 85' lang='lat' dir='ltr'>5a.</span> <span class='ocrx_word' id='word_1_22' title='bbox 264 545 308 577; x_wconf 85' lang='lat' dir='ltr'>Et</span> <span class='ocrx_word' id='word_1_23' title='bbox 335 553 405 577; x_wconf 88' lang='lat' dir='ltr'>eam</span> <span class='ocrx_word' id='word_1_24' title='bbox 433 545 574 586; x_wconf 85' lang='lat' dir='ltr'>genuisti</span> <span class='ocrx_word' id='word_1_25' title='bbox 881 545 940 579; x_wconf 73' lang='grc'>51).</span> 
     </span>
     <span class='ocr_line' id='line_1_8' title="bbox 266 594 492 637; baseline 0.009 -13"><span class='ocrx_word' id='word_1_26' title='bbox 266 603 338 626; x_wconf 88' lang='lat' dir='ltr'>cum</span> <span class='ocrx_word' id='word_1_27' title='bbox 364 594 492 637; x_wconf 81' lang='lat' dir='ltr'>honore</span> 
     </span>
     <span class='ocr_line' id='line_1_9' title="bbox 263 641 452 685; baseline 0 -11"><span class='ocrx_word' id='word_1_28' title='bbox 263 648 297 674; x_wconf 80' lang='lat' dir='ltr'>ct</span> <span class='ocrx_word' id='word_1_29' title='bbox 322 641 452 685; x_wconf 83' lang='lat' dir='ltr'>gaudio,</span> 
     </span>
     <span class='ocr_line' id='line_1_10' title="bbox 263 689 555 724; baseline 0.003 -2"><span class='ocrx_word' id='word_1_30' title='bbox 263 700 281 722; x_wconf 97' lang='lat'>0</span> <span class='ocrx_word' id='word_1_31' title='bbox 308 689 387 723; x_wconf 84' lang='lat' dir='ltr'><strong>felix</strong></span> <span class='ocrx_word' id='word_1_32' title='bbox 415 691 555 724; x_wconf 79' lang='lat' dir='ltr'>domina.</span> 
     </span>
    </p>
   </div>
   <div class='ocr_carea' id='block_1_5' title="bbox 174 773 942 1105">
    <p class='ocr_par' dir='ltr' id='par_1_5' title="bbox 174 773 942 866">
     <span class='ocr_line' id='line_1_11' title="bbox 174 773 942 814; baseline 0.001 -9"><span class='ocrx_word' id='word_1_33' title='bbox 174 776 237 806; x_wconf 73' lang='lat' dir='ltr'>fia.</span> <span class='ocrx_word' id='word_1_34' title='bbox 266 773 291 806; x_wconf 96' lang='lat' dir='ltr'>O</span> <span class='ocrx_word' id='word_1_35' title='bbox 316 773 371 814; x_wconf 80' lang='lat' dir='ltr'>pia</span> <span class='ocrx_word' id='word_1_36' title='bbox 883 773 942 807; x_wconf 75' lang='lat' dir='ltr'>(ib.</span> 
     </span>
     <span class='ocr_line' id='line_1_12' title="bbox 203 822 669 866; baseline 0.006 -14"><span class='ocrx_word' id='word_1_37' title='bbox 203 822 205 825; x_wconf 90' lang='grc'><strong>’</strong></span> <span class='ocrx_word' id='word_1_38' title='bbox 268 827 371 854; x_wconf 82' lang='lat' dir='ltr'>mater</span> <span class='ocrx_word' id='word_1_39' title='bbox 401 824 507 863; x_wconf 88' lang='lat' dir='ltr'>Anna,</span> <span class='ocrx_word' id='word_1_40' title='bbox 534 823 669 866; x_wconf 79' lang='lat' dir='ltr'>laetare,</span> 
     </span>
    </p>

    <p class='ocr_par' dir='ltr' id='par_1_6' title="bbox 266 869 587 912">
     <span class='ocr_line' id='line_1_13' title="bbox 266 869 587 912; baseline 0.006 -10"><span class='ocrx_word' id='word_1_41' title='bbox 266 871 342 910; x_wconf 82' lang='lat' dir='ltr'>quia</span> <span class='ocrx_word' id='word_1_42' title='bbox 369 869 460 902; x_wconf 87' lang='lat' dir='ltr'>fuisti</span> <span class='ocrx_word' id='word_1_43' title='bbox 490 870 587 912; x_wconf 79' lang='lat' dir='ltr'>digna</span> 
     </span>
    </p>

    <p class='ocr_par' dir='ltr' id='par_1_7' title="bbox 266 919 575 960">
     <span class='ocr_line' id='line_1_14' title="bbox 266 919 575 960; baseline 0.003 -10"><span class='ocrx_word' id='word_1_44' title='bbox 266 925 399 958; x_wconf 85' lang='lat' dir='ltr'>portare</span> <span class='ocrx_word' id='word_1_45' title='bbox 425 919 575 960; x_wconf 77' lang='lat' dir='ltr'>Mariam,</span> 
     </span>
    </p>

    <p class='ocr_par' dir='ltr' id='par_1_8' title="bbox 266 968 471 1008">
     <span class='ocr_line' id='line_1_15' title="bbox 266 968 471 1008; baseline 0 -9"><span class='ocrx_word' id='word_1_46' title='bbox 266 968 471 1008; x_wconf 82' lang='lat' dir='ltr'>praeclaram</span> 
     </span>
    </p>

    <p class='ocr_par' dir='ltr' id='par_1_9' title="bbox 268 1016 582 1057">
     <span class='ocr_line' id='line_1_16' title="bbox 268 1016 582 1057; baseline 0.003 -10"><span class='ocrx_word' id='word_1_47' title='bbox 268 1016 437 1057; x_wconf 78' lang='lat' dir='ltr'>virginem,</span> <span class='ocrx_word' id='word_1_48' title='bbox 466 1017 582 1049; x_wconf 89' lang='lat' dir='ltr'>summi</span> 
     </span>
    </p>

    <p class='ocr_par' dir='ltr' id='par_1_10' title="bbox 270 1065 594 1105">
     <span class='ocr_line' id='line_1_17' title="bbox 270 1065 594 1105; baseline 0 -9"><span class='ocrx_word' id='word_1_49' title='bbox 270 1065 356 1105; x_wconf 83' lang='lat' dir='ltr'>regis</span> <span class='ocrx_word' id='word_1_50' title='bbox 384 1066 594 1105; x_wconf 83' lang='lat' dir='ltr'>genetricem.</span> 
     </span>
    </p>
   </div>
   <div class='ocr_carea' id='block_1_6' title="bbox 180 1145 944 1278">
    <p class='ocr_par' dir='ltr' id='par_1_11' title="bbox 180 1145 944 1278">
     <span class='ocr_line' id='line_1_18' title="bbox 180 1145 944 1187; baseline 0.001 -8"><span class='ocrx_word' id='word_1_51' title='bbox 180 1148 241 1181; x_wconf 85' lang='lat' dir='ltr'>7a.</span> <span class='ocrx_word' id='word_1_52' title='bbox 271 1147 320 1179; x_wconf 89' lang='lat' dir='ltr'>Tu</span> <span class='ocrx_word' id='word_1_53' title='bbox 347 1155 380 1178; x_wconf 90' lang='lat' dir='ltr'>es</span> <span class='ocrx_word' id='word_1_54' title='bbox 408 1147 598 1187; x_wconf 84' lang='lat' dir='ltr'>dignissima</span> <span class='ocrx_word' id='word_1_55' title='bbox 886 1145 944 1180; x_wconf 83' lang='lat' dir='ltr'>7b.</span> 
     </span>
     <span class='ocr_line' id='line_1_19' title="bbox 267 1195 630 1236; baseline 0 -10"><span class='ocrx_word' id='word_1_56' title='bbox 267 1195 365 1228; x_wconf 84' lang='lat' dir='ltr'>laude</span> <span class='ocrx_word' id='word_1_57' title='bbox 392 1200 424 1227; x_wconf 87' lang='lat' dir='ltr'>et</span> <span class='ocrx_word' id='word_1_58' title='bbox 450 1195 584 1236; x_wconf 68' lang='lat' dir='ltr'>honore,</span> <span class='ocrx_word' id='word_1_59' title='bbox 612 1204 630 1226; x_wconf 93' lang='grc' dir='ltr'>ο</span> 
     </span>
     <span class='ocr_line' id='line_1_20' title="bbox 266 1242 563 1278; baseline 0.003 -2"><span class='ocrx_word' id='word_1_60' title='bbox 266 1248 372 1276; x_wconf 86' lang='lat' dir='ltr'>mater</span> <span class='ocrx_word' id='word_1_61' title='bbox 399 1242 563 1278; x_wconf 88' lang='lat' dir='ltr'>melliflua.</span> 
     </span>
    </p>
   </div>
   <div class='ocr_carea' id='block_1_7' title="bbox 176 1325 943 1512">
    <p class='ocr_par' dir='ltr' id='par_1_12' title="bbox 176 1325 943 1512">
     <span class='ocr_line' id='line_1_21' title="bbox 176 1325 943 1362; baseline -0.003 -3"><span class='ocrx_word' id='word_1_62' title='bbox 176 1328 241 1362; x_wconf 79' lang='lat' dir='ltr'>Sa.</span> <span class='ocrx_word' id='word_1_63' title='bbox 268 1327 312 1359; x_wconf 89' lang='lat' dir='ltr'>Et</span> <span class='ocrx_word' id='word_1_64' title='bbox 339 1330 371 1358; x_wconf 87' lang='lat' dir='ltr'>te</span> <span class='ocrx_word' id='word_1_65' title='bbox 398 1327 569 1358; x_wconf 82' lang='lat' dir='ltr'>laudantes</span> <span class='ocrx_word' id='word_1_66' title='bbox 883 1325 943 1358; x_wconf 76' lang='lat' dir='ltr'>Sb.</span> 
     </span>
     <span class='ocr_line' id='line_1_22' title="bbox 266 1375 487 1416; baseline -0.005 -9"><span class='ocrx_word' id='word_1_67' title='bbox 266 1376 322 1416; x_wconf 80' lang='lat' dir='ltr'>pie</span> <span class='ocrx_word' id='word_1_68' title='bbox 347 1375 487 1416; x_wconf 78' lang='lat' dir='ltr'>respice,</span> 
     </span>
     <span class='ocr_line' id='line_1_23' title="bbox 267 1420 695 1467; baseline -0.002 -11"><span class='ocrx_word' id='word_1_69' title='bbox 267 1433 396 1456; x_wconf 88' lang='lat' dir='ltr'>manum</span> <span class='ocrx_word' id='word_1_70' title='bbox 424 1420 537 1467; x_wconf 86' lang='lat' dir='ltr'>[tuam]</span> <span class='ocrx_word' id='word_1_71' title='bbox 564 1425 695 1466; x_wconf 79' lang='lat' dir='ltr'>porrige</span> 
     </span>
     <span class='ocr_line' id='line_1_24' title="bbox 266 1473 492 1512; baseline 0 -8"><span class='ocrx_word' id='word_1_72' title='bbox 266 1473 299 1505; x_wconf 91' lang='lat' dir='ltr'>in</span> <span class='ocrx_word' id='word_1_73' title='bbox 325 1473 492 1512; x_wconf 73' lang='lat' dir='ltr'>adversi53</span> 
     </span>
    </p>
   </div>
   <div class='ocr_carea' id='block_1_8' title="bbox 176 1553 944 1694">
    <p class='ocr_par' dir='ltr' id='par_1_13' title="bbox 176 1553 944 1694">
     <span class='ocr_line' id='line_1_25' title="bbox 176 1553 944 1591; baseline -0.004 -1"><span class='ocrx_word' id='word_1_74' title='bbox 176 1558 238 1591; x_wconf 70' lang='lat'>9³.</span> <span class='ocrx_word' id='word_1_75' title='bbox 268 1556 452 1588; x_wconf 86' lang='lat' dir='ltr'>Virtutibus</span> <span class='ocrx_word' id='word_1_76' title='bbox 480 1565 537 1588; x_wconf 93' lang='lat' dir='ltr'>cor</span> <span class='ocrx_word' id='word_1_77' title='bbox 563 1555 691 1587; x_wconf 84' lang='lat' dir='ltr'>illustra</span> <span class='ocrx_word' id='word_1_78' title='bbox 884 1553 944 1587; x_wconf 83' lang='lat' dir='ltr'>9b.</span> 
     </span>
     <span class='ocr_line' id='line_1_26' title="bbox 267 1605 432 1646; baseline -0.006 -9"><span class='ocrx_word' id='word_1_79' title='bbox 267 1608 300 1637; x_wconf 77' lang='lat' dir='ltr'>et</span> <span class='ocrx_word' id='word_1_80' title='bbox 327 1605 432 1646; x_wconf 81' lang='lat' dir='ltr'>dirige</span> 
     </span>
     <span class='ocr_line' id='line_1_27' title="bbox 265 1656 514 1694; baseline 0.004 -8"><span class='ocrx_word' id='word_1_81' title='bbox 265 1663 365 1694; x_wconf 80' lang='lat' dir='ltr'>opera</span> <span class='ocrx_word' id='word_1_82' title='bbox 392 1656 514 1687; x_wconf 77' lang='lat' dir='ltr'>nostra,</span> 
     </span>
    </p>
   </div>
   <div class='ocr_carea' id='block_1_9' title="bbox 153 1728 941 1961">
    <p class='ocr_par' dir='ltr' id='par_1_14' title="bbox 153 1728 941 1961">
     <span class='ocr_line' id='line_1_28' title="bbox 153 1728 941 1773; baseline -0.006 -7"><span class='ocrx_word' id='word_1_83' title='bbox 153 1735 195 1767; x_wconf 94' lang='lat'>10</span> <span class='ocrx_word' id='word_1_84' title='bbox 207 1743 237 1768; x_wconf 80' lang='lat' dir='ltr'>a.</span> <span class='ocrx_word' id='word_1_85' title='bbox 265 1732 303 1765; x_wconf 92' lang='lat' dir='ltr'>In</span> <span class='ocrx_word' id='word_1_86' title='bbox 332 1732 497 1764; x_wconf 83' lang='lat' dir='ltr'>horrenda</span> <span class='ocrx_word' id='word_1_87' title='bbox 525 1731 639 1763; x_wconf 86' lang='lat' dir='ltr'>mortis</span> <span class='ocrx_word' id='word_1_88' title='bbox 665 1731 754 1773; x_wconf 85' lang='lat' dir='ltr'>hora,</span> <span class='ocrx_word' id='word_1_89' title='bbox 859 1728 941 1762; x_wconf 89' lang='lat' dir='ltr'><strong>10b.</strong></span> 
     </span>
     <span class='ocr_line' id='line_1_29' title="bbox 264 1780 552 1822; baseline -0.003 -9"><span class='ocrx_word' id='word_1_90' title='bbox 264 1784 368 1813; x_wconf 82' lang='lat' dir='ltr'>mater</span> <span class='ocrx_word' id='word_1_91' title='bbox 395 1780 552 1822; x_wconf 78' lang='lat' dir='ltr'>piissima,</span> 
     </span>
     <span class='ocr_line' id='line_1_30' title="bbox 263 1829 614 1870; baseline -0.009 -7"><span class='ocrx_word' id='word_1_92' title='bbox 263 1830 358 1863; x_wconf 90' lang='lat' dir='ltr'>nobis</span> <span class='ocrx_word' id='word_1_93' title='bbox 385 1829 614 1870; x_wconf 87' lang='lat' dir='ltr'>peccatoribus</span> 
     </span>
     <span class='ocr_line' id='line_1_31' title="bbox 263 1878 591 1920; baseline 0 -10"><span class='ocrx_word' id='word_1_94' title='bbox 263 1878 408 1920; x_wconf 86' lang='lat' dir='ltr'>indignis</span> <span class='ocrx_word' id='word_1_95' title='bbox 436 1887 591 1911; x_wconf 89' lang='lat' dir='ltr'>succurre</span> 
     </span>
     <span class='ocr_line' id='line_1_32' title="bbox 264 1927 460 1961; baseline 0.005 -1"><span class='ocrx_word' id='word_1_96' title='bbox 264 1927 334 1960; x_wconf 86' lang='lat' dir='ltr'>sine</span> <span class='ocrx_word' id='word_1_97' title='bbox 359 1936 460 1961; x_wconf 81' lang='lat' dir='ltr'>mora.</span> 
     </span>
    </p>
   </div>
   <div class='ocr_carea' id='block_1_10' title="bbox 148 2003 940 2144">
    <p class='ocr_par' dir='ltr' id='par_1_15' title="bbox 148 2003 940 2144">
     <span class='ocr_line' id='line_1_33' title="bbox 148 2003 940 2054; baseline -0.009 -13"><span class='ocrx_word' id='word_1_98' title='bbox 148 2007 191 2041; x_wconf 87' lang='lat'>11</span> <span class='ocrx_word' id='word_1_99' title='bbox 207 2017 236 2042; x_wconf 79' lang='lat' dir='ltr'>a.</span> <span class='ocrx_word' id='word_1_100' title='bbox 265 2007 312 2040; x_wconf 84' lang='lat' dir='ltr'>Ut</span> <span class='ocrx_word' id='word_1_101' title='bbox 336 2007 371 2039; x_wconf 89' lang='lat' dir='ltr'>in</span> <span class='ocrx_word' id='word_1_102' title='bbox 397 2010 532 2054; x_wconf 56' lang='lat' dir='ltr'>aspectu</span> <span class='ocrx_word' id='word_1_103' title='bbox 560 2008 668 2038; x_wconf 86' lang='lat' dir='ltr'>vestro</span> <span class='ocrx_word' id='word_1_104' title='bbox 859 2003 940 2037; x_wconf 69' lang='lat'>111).</span> 
     </span>
     <span class='ocr_line' id='line_1_34' title="bbox 271 2055 624 2088; baseline -0.003 0"><span class='ocrx_word' id='word_1_105' title='bbox 271 2055 462 2088; x_wconf 80' lang='lat' dir='ltr'>daemonum</span> <span class='ocrx_word' id='word_1_106' title='bbox 492 2059 624 2087; x_wconf 85' lang='lat' dir='ltr'>caterva</span> 
     </span>
     <span class='ocr_line' id='line_1_35' title="bbox 271 2103 739 2144; baseline 0 -7"><span class='ocrx_word' id='word_1_107' title='bbox 271 2105 360 2137; x_wconf 86' lang='lat' dir='ltr'>velut</span> <span class='ocrx_word' id='word_1_108' title='bbox 387 2103 493 2136; x_wconf 82' lang='lat' dir='ltr'>fumus</span> <span class='ocrx_word' id='word_1_109' title='bbox 521 2104 739 2144; x_wconf 83' lang='lat' dir='ltr'>dispergatur.</span> 
     </span>
    </p>
   </div>
   <div class='ocr_carea' id='block_1_11' title="bbox 967 235 1419 318">
    <p class='ocr_par' dir='ltr' id='par_1_16' title="bbox 967 235 1419 318">
     <span class='ocr_line' id='line_1_36' title="bbox 967 235 1308 275; baseline -0.003 -7"><span class='ocrx_word' id='word_1_110' title='bbox 967 235 1056 275; x_wconf 82' lang='lat' dir='ltr'>Quae</span> <span class='ocrx_word' id='word_1_111' title='bbox 1082 239 1115 268; x_wconf 88' lang='lat' dir='ltr'>te</span> <span class='ocrx_word' id='word_1_112' title='bbox 1141 236 1308 269; x_wconf 80' lang='lat' dir='ltr'>mundavit</span> 
     </span>
     <span class='ocr_line' id='line_1_37' title="bbox 968 284 1419 318; baseline 0 -2"><span class='ocrx_word' id='word_1_113' title='bbox 968 284 1009 316; x_wconf 84' lang='lat' dir='ltr'>ab</span> <span class='ocrx_word' id='word_1_114' title='bbox 1036 285 1122 318; x_wconf 89' lang='lat' dir='ltr'>omni</span> <span class='ocrx_word' id='word_1_115' title='bbox 1150 284 1256 317; x_wconf 83' lang='lat' dir='ltr'>carnis</span> <span class='ocrx_word' id='word_1_116' title='bbox 1284 285 1419 317; x_wconf 78' lang='lat' dir='ltr'>lascivia</span> 
     </span>
    </p>
   </div>
   <div class='ocr_carea' id='block_1_12' title="bbox 967 367 1357 506">
    <p class='ocr_par' dir='ltr' id='par_1_17' title="bbox 967 367 1357 506">
     <span class='ocr_line' id='line_1_38' title="bbox 967 367 1357 408; baseline 0.005 -10"><span class='ocrx_word' id='word_1_117' title='bbox 967 367 1212 408; x_wconf 74' lang='lat' dir='ltr'>Quam‚,mater</span> <span class='ocrx_word' id='word_1_118' title='bbox 1236 371 1357 404; x_wconf 79' lang='lat' dir='ltr'>sancta,</span> 
     </span>
     <span class='ocr_line' id='line_1_39' title="bbox 971 415 1330 457; baseline 0.003 -11"><span class='ocrx_word' id='word_1_119' title='bbox 971 415 1030 447; x_wconf 87' lang='lat' dir='ltr'>tibi</span> <span class='ocrx_word' id='word_1_120' title='bbox 1057 416 1173 457; x_wconf 85' lang='lat' dir='ltr'>angelo</span> <span class='ocrx_word' id='word_1_121' title='bbox 1200 416 1330 449; x_wconf 85' lang='lat' dir='ltr'>Domini</span> 
     </span>
     <span class='ocr_line' id='line_1_40' title="bbox 969 464 1355 506; baseline 0 -10"><span class='ocrx_word' id='word_1_122' title='bbox 969 464 1140 497; x_wconf 73' lang='lat' dir='ltr'>nuntiante</span> <span class='ocrx_word' id='word_1_123' title='bbox 1167 465 1355 506; x_wconf 78' lang='lat' dir='ltr'>concepisti,</span> 
     </span>
    </p>
   </div>
   <div class='ocr_carea' id='block_1_13' title="bbox 969 545 1301 726">
    <p class='ocr_par' dir='ltr' id='par_1_18' title="bbox 970 545 1301 635">
     <span class='ocr_line' id='line_1_41' title="bbox 971 545 1301 581; baseline 0.006 -4"><span class='ocrx_word' id='word_1_124' title='bbox 971 545 1019 577; x_wconf 82' lang='lat' dir='ltr'>Sit</span> <span class='ocrx_word' id='word_1_125' title='bbox 1045 547 1103 579; x_wconf 85' lang='lat' dir='ltr'>illa</span> <span class='ocrx_word' id='word_1_126' title='bbox 1130 546 1301 581; x_wconf 82' lang='lat' dir='ltr'>benedicta</span> 
     </span>
     <span class='ocr_line' id='line_1_42' title="bbox 970 595 1134 635; baseline 0.006 -9"><span class='ocrx_word' id='word_1_127' title='bbox 970 595 1134 635; x_wconf 85' lang='lat' dir='ltr'>nativitas,</span> 
     </span>
    </p>

    <p class='ocr_par' dir='ltr' id='par_1_19' title="bbox 969 642 1257 726">
     <span class='ocr_line' id='line_1_43' title="bbox 969 642 1257 684; baseline 0.003 -10"><span class='ocrx_word' id='word_1_128' title='bbox 969 642 1001 674; x_wconf 89' lang='lat' dir='ltr'>in</span> <span class='ocrx_word' id='word_1_129' title='bbox 1030 652 1093 684; x_wconf 79' lang='lat' dir='ltr'>qua.</span> <span class='ocrx_word' id='word_1_130' title='bbox 1117 645 1257 676; x_wconf 86' lang='lat' dir='ltr'>mundus</span> 
     </span>
     <span class='ocr_line' id='line_1_44' title="bbox 971 691 1255 726; baseline 0.018 -5"><span class='ocrx_word' id='word_1_131' title='bbox 971 694 1017 722; x_wconf 85' lang='lat' dir='ltr'>est</span> <span class='ocrx_word' id='word_1_132' title='bbox 1045 691 1255 726; x_wconf 53' lang='lat' dir='ltr'>illuminatus</span> 
     </span>
    </p>
   </div>
   <div class='ocr_carea' id='block_1_14' title="bbox 971 774 1405 1097">
    <p class='ocr_par' dir='ltr' id='par_1_20' title="bbox 972 774 1114 806">
     <span class='ocr_line' id='line_1_45' title="bbox 972 774 1114 806; baseline 0.007 -1"><span class='ocrx_word' id='word_1_133' title='bbox 972 774 1018 805; x_wconf 87' lang='lat' dir='ltr'>Te</span> <span class='ocrx_word' id='word_1_134' title='bbox 1045 775 1114 806; x_wconf 88' lang='lat' dir='ltr'>iure</span> 
     </span>
    </p>

    <p class='ocr_par' dir='ltr' id='par_1_21' title="bbox 971 821 1405 960">
     <span class='ocr_line' id='line_1_46' title="bbox 971 821 1378 855; baseline 0 -1"><span class='ocrx_word' id='word_1_135' title='bbox 971 821 1083 854; x_wconf 80' lang='lat' dir='ltr'>fideles</span> <span class='ocrx_word' id='word_1_136' title='bbox 1111 824 1218 855; x_wconf 87' lang='lat' dir='ltr'>cuncti</span> <span class='ocrx_word' id='word_1_137' title='bbox 1244 822 1378 855; x_wconf 82' lang='lat' dir='ltr'>laudant</span> 
     </span>
     <span class='ocr_line' id='line_1_47' title="bbox 971 869 1405 915; baseline 0 -13"><span class='ocrx_word' id='word_1_138' title='bbox 971 869 1028 915; x_wconf 83' lang='lat' dir='ltr'>[ct]</span> <span class='ocrx_word' id='word_1_139' title='bbox 1057 870 1183 903; x_wconf 84' lang='lat' dir='ltr'>felicem</span> <span class='ocrx_word' id='word_1_140' title='bbox 1211 871 1405 912; x_wconf 80' lang='lat' dir='ltr'>praedicant</span> 
     </span>
     <span class='ocr_line' id='line_1_48' title="bbox 974 920 1304 960; baseline 0.003 -10"><span class='ocrx_word' id='word_1_141' title='bbox 974 923 1005 950; x_wconf 87' lang='lat' dir='ltr'>et</span> <span class='ocrx_word' id='word_1_142' title='bbox 1032 920 1202 959; x_wconf 71' lang='lat' dir='ltr'>honorant,</span> <span class='ocrx_word' id='word_1_143' title='bbox 1230 920 1304 960; x_wconf 80' lang='lat' dir='ltr'>quia</span> 
     </span>
    </p>

    <p class='ocr_par' dir='ltr' id='par_1_22' title="bbox 973 966 1198 1009">
     <span class='ocr_line' id='line_1_49' title="bbox 973 966 1198 1009; baseline 0.009 -11"><span class='ocrx_word' id='word_1_144' title='bbox 973 977 1032 1009; x_wconf 80' lang='lat' dir='ltr'>per</span> <span class='ocrx_word' id='word_1_145' title='bbox 1059 966 1198 1000; x_wconf 76' lang='lat' dir='ltr'>fructum</span> 
     </span>
    </p>

    <p class='ocr_par' dir='ltr' id='par_1_23' title="bbox 973 1017 1253 1057">
     <span class='ocr_line' id='line_1_50' title="bbox 973 1017 1253 1057; baseline 0.004 -10"><span class='ocrx_word' id='word_1_146' title='bbox 973 1021 1062 1048; x_wconf 89' lang='lat' dir='ltr'>tuum</span> <span class='ocrx_word' id='word_1_147' title='bbox 1088 1017 1253 1057; x_wconf 72' lang='lat' dir='ltr'>ingressus</span> 
     </span>
    </p>

    <p class='ocr_par' dir='ltr' id='par_1_24' title="bbox 974 1065 1355 1097">
     <span class='ocr_line' id='line_1_51' title="bbox 974 1065 1355 1097; baseline 0.003 -2"><span class='ocrx_word' id='word_1_148' title='bbox 974 1068 1021 1095; x_wconf 81' lang='lat' dir='ltr'>est</span> <span class='ocrx_word' id='word_1_149' title='bbox 1050 1065 1160 1097; x_wconf 89' lang='lat' dir='ltr'>mundi</span> <span class='ocrx_word' id='word_1_150' title='bbox 1187 1065 1355 1097; x_wconf 64' lang='lat' dir='ltr'>Domum.</span> 
     </span>
    </p>
   </div>
   <div class='ocr_carea' id='block_1_15' title="bbox 971 1146 1331 1274">
    <p class='ocr_par' dir='ltr' id='par_1_25' title="bbox 971 1146 1331 1274">
     <span class='ocr_line' id='line_1_52' title="bbox 973 1146 1289 1188; baseline 0 -10"><span class='ocrx_word' id='word_1_151' title='bbox 973 1147 1118 1186; x_wconf 70' lang='lat' dir='ltr'>suscipe,</span> <span class='ocrx_word' id='word_1_152' title='bbox 1149 1146 1289 1188; x_wconf 81' lang='lat' dir='ltr'>domina,</span> 
     </span>
     <span class='ocr_line' id='line_1_53' title="bbox 971 1194 1272 1226; baseline -0.003 0"><span class='ocrx_word' id='word_1_153' title='bbox 971 1198 1098 1226; x_wconf 89' lang='lat' dir='ltr'>tuorum</span> <span class='ocrx_word' id='word_1_154' title='bbox 1127 1194 1272 1226; x_wconf 88' lang='lat' dir='ltr'>fidelium</span> 
     </span>
     <span class='ocr_line' id='line_1_54' title="bbox 973 1242 1331 1274; baseline 0 0"><span class='ocrx_word' id='word_1_155' title='bbox 973 1242 1150 1274; x_wconf 80' lang='lat' dir='ltr'>clementer</span> <span class='ocrx_word' id='word_1_156' title='bbox 1177 1243 1331 1274; x_wconf 71' lang='lat' dir='ltr'>carmina.</span> 
     </span>
    </p>
   </div>
   <div class='ocr_carea' id='block_1_16' title="bbox 971 1326 1437 1504">
    <p class='ocr_par' dir='ltr' id='par_1_26' title="bbox 971 1326 1282 1365">
     <span class='ocr_line' id='line_1_55' title="bbox 971 1326 1282 1365; baseline -0.003 -7"><span class='ocrx_word' id='word_1_157' title='bbox 971 1327 1000 1358; x_wconf 92' lang='lat' dir='ltr'>A</span> <span class='ocrx_word' id='word_1_158' title='bbox 1029 1326 1152 1357; x_wconf 83' lang='lat' dir='ltr'>cunctis</span> <span class='ocrx_word' id='word_1_159' title='bbox 1179 1334 1282 1365; x_wconf 81' lang='lat' dir='ltr'>purga</span> 
     </span>
    </p>

    <p class='ocr_par' dir='ltr' id='par_1_27' title="bbox 973 1373 1197 1406">
     <span class='ocr_line' id='line_1_56' title="bbox 973 1373 1197 1406; baseline -0.004 -1"><span class='ocrx_word' id='word_1_160' title='bbox 973 1374 1060 1406; x_wconf 81' lang='lat' dir='ltr'>vitiis</span> <span class='ocrx_word' id='word_1_161' title='bbox 1088 1378 1119 1405; x_wconf 80' lang='lat' dir='ltr'>ct</span> <span class='ocrx_word' id='word_1_162' title='bbox 1147 1373 1197 1405; x_wconf 80' lang='lat' dir='ltr'>fac</span> 
     </span>
    </p>

    <p class='ocr_par' dir='ltr' id='par_1_28' title="bbox 971 1419 1437 1504">
     <span class='ocr_line' id='line_1_57' title="bbox 971 1419 1437 1466; baseline 0 -13"><span class='ocrx_word' id='word_1_163' title='bbox 971 1426 1139 1454; x_wconf 82' lang='lat' dir='ltr'>consortes</span> <span class='ocrx_word' id='word_1_164' title='bbox 1175 1419 1261 1466; x_wconf 71' lang='lat' dir='ltr'>[nos]</span> <span class='ocrx_word' id='word_1_165' title='bbox 1290 1423 1437 1463; x_wconf 69' lang='lat' dir='ltr'>supernis</span> 
     </span>
     <span class='ocr_line' id='line_1_58' title="bbox 974 1471 1112 1504; baseline 0.007 -2"><span class='ocrx_word' id='word_1_166' title='bbox 974 1471 1112 1504; x_wconf 79' lang='lat' dir='ltr'>deliciis,</span> 
     </span>
    </p>
   </div>
   <div class='ocr_carea' id='block_1_17' title="bbox 973 1553 1338 1683">
    <p class='ocr_par' dir='ltr' id='par_1_29' title="bbox 973 1553 1338 1683">
     <span class='ocr_line' id='line_1_59' title="bbox 974 1553 1338 1589; baseline -0.003 -4"><span class='ocrx_word' id='word_1_167' title='bbox 974 1556 1011 1586; x_wconf 90' lang='lat' dir='ltr'>In</span> <span class='ocrx_word' id='word_1_168' title='bbox 1040 1554 1129 1585; x_wconf 82' lang='lat' dir='ltr'>curia</span> <span class='ocrx_word' id='word_1_169' title='bbox 1156 1553 1237 1585; x_wconf 75' lang='lat' dir='ltr'>caeli</span> <span class='ocrx_word' id='word_1_170' title='bbox 1266 1554 1338 1589; x_wconf 62' lang='lat' dir='ltr'>sita,</span> 
     </span>
     <span class='ocr_line' id='line_1_60' title="bbox 973 1603 1171 1634; baseline 0 0"><span class='ocrx_word' id='word_1_171' title='bbox 973 1611 1012 1634; x_wconf 87' lang='lat' dir='ltr'>ne</span> <span class='ocrx_word' id='word_1_172' title='bbox 1040 1603 1171 1634; x_wconf 75' lang='lat' dir='ltr'>deseras</span> 
     </span>
     <span class='ocr_line' id='line_1_61' title="bbox 997 1650 1304 1683; baseline -0.003 -1"><span class='ocrx_word' id='word_1_173' title='bbox 997 1660 1054 1683; x_wconf 90' lang='lat' dir='ltr'>nos</span> <span class='ocrx_word' id='word_1_174' title='bbox 1081 1651 1113 1682; x_wconf 90' lang='lat' dir='ltr'>in</span> <span class='ocrx_word' id='word_1_175' title='bbox 1142 1652 1201 1683; x_wconf 85' lang='lat' dir='ltr'>hac</span> <span class='ocrx_word' id='word_1_176' title='bbox 1229 1650 1304 1682; x_wconf 85' lang='lat' dir='ltr'>vita.</span> 
     </span>
    </p>
   </div>
   <div class='ocr_carea' id='block_1_18' title="bbox 970 1727 1488 1965">
    <p class='ocr_par' dir='ltr' id='par_1_30' title="bbox 970 1727 1488 1867">
     <span class='ocr_line' id='line_1_62' title="bbox 970 1727 1488 1768; baseline -0.002 -7"><span class='ocrx_word' id='word_1_177' title='bbox 970 1728 1088 1761; x_wconf 81' lang='lat' dir='ltr'>Adduo</span> <span class='ocrx_word' id='word_1_178' title='bbox 1116 1734 1220 1760; x_wconf 84' lang='lat' dir='ltr'>tecum</span> <span class='ocrx_word' id='word_1_179' title='bbox 1248 1727 1372 1768; x_wconf 86' lang='lat' dir='ltr'>prolem</span> <span class='ocrx_word' id='word_1_180' title='bbox 1401 1732 1488 1760; x_wconf 81' lang='lat' dir='ltr'>tuam</span> 
     </span>
     <span class='ocr_line' id='line_1_63' title="bbox 971 1778 1276 1818; baseline -0.007 -8"><span class='ocrx_word' id='word_1_181' title='bbox 971 1782 1067 1818; x_wconf 79' lang='lat' dir='ltr'>atque</span> <span class='ocrx_word' id='word_1_182' title='bbox 1098 1778 1276 1809; x_wconf 79' lang='lat' dir='ltr'>exercitum</span> 
     </span>
     <span class='ocr_line' id='line_1_64' title="bbox 970 1826 1368 1867; baseline -0.003 -9"><span class='ocrx_word' id='word_1_183' title='bbox 970 1831 1154 1859; x_wconf 80' lang='lat' dir='ltr'>sanctorum</span> <span class='ocrx_word' id='word_1_184' title='bbox 1181 1826 1368 1867; x_wconf 78' lang='lat' dir='ltr'>angelorum</span> 
     </span>
    </p>

    <p class='ocr_par' dir='ltr' id='par_1_31' title="bbox 971 1875 1297 1965">
     <span class='ocr_line' id='line_1_65' title="bbox 971 1875 1297 1908; baseline -0.006 0"><span class='ocrx_word' id='word_1_185' title='bbox 971 1885 1043 1908; x_wconf 90' lang='lat' dir='ltr'>cum</span> <span class='ocrx_word' id='word_1_186' title='bbox 1071 1875 1188 1908; x_wconf 86' lang='lat' dir='ltr'>ceteris</span> <span class='ocrx_word' id='word_1_187' title='bbox 1216 1875 1297 1906; x_wconf 78' lang='lat' dir='ltr'>caeli</span> 
     </span>
     <span class='ocr_line' id='line_1_66' title="bbox 971 1924 1178 1965; baseline -0.005 -9"><span class='ocrx_word' id='word_1_188' title='bbox 971 1924 1178 1965; x_wconf 79' lang='lat' dir='ltr'>primatibus,</span> 
     </span>
    </p>
   </div>
   <div class='ocr_carea' id='block_1_19' title="bbox 970 2002 1415 2140">
    <p class='ocr_par' dir='ltr' id='par_1_32' title="bbox 970 2002 1415 2140">
     <span class='ocr_line' id='line_1_67' title="bbox 970 2002 1401 2042; baseline -0.007 -7"><span class='ocrx_word' id='word_1_189' title='bbox 970 2002 1080 2036; x_wconf 77' lang='lat' dir='ltr'>Mater</span> <span class='ocrx_word' id='word_1_190' title='bbox 1106 2002 1256 2042; x_wconf 68' lang='lat' dir='ltr'>benigna„</span> <span class='ocrx_word' id='word_1_191' title='bbox 1282 2005 1316 2032; x_wconf 87' lang='lat' dir='ltr'>tu</span> <span class='ocrx_word' id='word_1_192' title='bbox 1344 2010 1401 2033; x_wconf 87' lang='lat' dir='ltr'>nos</span> 
     </span>
     <span class='ocr_line' id='line_1_68' title="bbox 972 2050 1323 2090; baseline -0.003 -7"><span class='ocrx_word' id='word_1_193' title='bbox 972 2052 1013 2084; x_wconf 85' lang='lat' dir='ltr'>ad</span> <span class='ocrx_word' id='word_1_194' title='bbox 1042 2052 1142 2083; x_wconf 77' lang='lat' dir='ltr'>vitam</span> <span class='ocrx_word' id='word_1_195' title='bbox 1169 2050 1323 2090; x_wconf 80' lang='lat' dir='ltr'>consigna</span> 
     </span>
     <span class='ocr_line' id='line_1_69' title="bbox 972 2098 1415 2140; baseline -0.005 -8"><span class='ocrx_word' id='word_1_196' title='bbox 972 2105 1001 2132; x_wconf 86' lang='lat' dir='ltr'>et</span> <span class='ocrx_word' id='word_1_197' title='bbox 1029 2099 1198 2132; x_wconf 79' lang='lat' dir='ltr'>intercede</span> <span class='ocrx_word' id='word_1_198' title='bbox 1223 2108 1283 2140; x_wconf 87' lang='lat' dir='ltr'>pro</span> <span class='ocrx_word' id='word_1_199' title='bbox 1310 2098 1415 2137; x_wconf 86' lang='lat' dir='ltr'>nobis,</span> 
     </span>
    </p>
   </div>
   <div class='ocr_carea' id='block_1_20' title="bbox 531 2179 1069 2270">
    <p class='ocr_par' dir='ltr' id='par_1_33' title="bbox 531 2179 1069 2270">
     <span class='ocr_line' id='line_1_70' title="bbox 531 2179 1069 2224; baseline -0.011 -8"><span class='ocrx_word' id='word_1_200' title='bbox 531 2183 587 2216; x_wconf 82' lang='lat'>12.</span> <span class='ocrx_word' id='word_1_201' title='bbox 615 2183 661 2216; x_wconf 88' lang='lat' dir='ltr'>Ut</span> <span class='ocrx_word' id='word_1_202' title='bbox 687 2191 747 2222; x_wconf 89' lang='lat' dir='ltr'>per</span> <span class='ocrx_word' id='word_1_203' title='bbox 772 2185 815 2224; x_wconf 90' lang='lat' dir='ltr'>te,</span> <span class='ocrx_word' id='word_1_204' title='bbox 844 2181 900 2221; x_wconf 80' lang='lat' dir='ltr'>pia</span> <span class='ocrx_word' id='word_1_205' title='bbox 928 2179 1069 2217; x_wconf 78' lang='lat' dir='ltr'>domina,</span> 
     </span>
     <span class='ocr_line' id='line_1_71' title="bbox 613 2230 972 2270; baseline -0.006 -8"><span class='ocrx_word' id='word_1_206' title='bbox 613 2239 782 2264; x_wconf 86' lang='lat' dir='ltr'>cernamus</span> <span class='ocrx_word' id='word_1_207' title='bbox 809 2231 842 2262; x_wconf 88' lang='lat' dir='ltr'>in</span> <span class='ocrx_word' id='word_1_208' title='bbox 868 2230 972 2270; x_wconf 78' lang='lat' dir='ltr'>gloria</span> 
     </span>
    </p>
   </div>
   <div class='ocr_carea' id='block_1_21' title="bbox 611 2277 954 2318">
    <p class='ocr_par' dir='ltr' id='par_1_34' title="bbox 611 2277 954 2318">
     <span class='ocr_line' id='line_1_72' title="bbox 611 2277 954 2318; baseline -0.015 -5"><span class='ocrx_word' id='word_1_209' title='bbox 611 2283 686 2313; x_wconf 82' lang='lat' dir='ltr'>tuae</span> <span class='ocrx_word' id='word_1_210' title='bbox 718 2282 814 2313; x_wconf 86' lang='lat' dir='ltr'>natae</span> <span class='ocrx_word' id='word_1_211' title='bbox 841 2277 954 2318; x_wconf 90' lang='lat' dir='ltr'>filium,</span> 
     </span>
    </p>
   </div>
   <div class='ocr_carea' id='block_1_22' title="bbox 610 2326 1067 2370">
    <p class='ocr_par' dir='ltr' id='par_1_35' title="bbox 610 2326 1067 2370">
     <span class='ocr_line' id='line_1_73' title="bbox 610 2326 1067 2370; baseline -0.011 -7"><span class='ocrx_word' id='word_1_212' title='bbox 610 2329 665 2370; x_wconf 76' lang='lat' dir='ltr'>qui</span> <span class='ocrx_word' id='word_1_213' title='bbox 692 2329 781 2361; x_wconf 78' lang='lat' dir='ltr'>salus</span> <span class='ocrx_word' id='word_1_214' title='bbox 807 2333 859 2360; x_wconf 75' lang='lat' dir='ltr'>est,</span> <span class='ocrx_word' id='word_1_215' title='bbox 885 2326 1067 2359; x_wconf 83' lang='lat' dir='ltr'>humilium.</span> 
     </span>
    </p>
   </div>
   <div class='ocr_carea' id='block_1_23' title="bbox 214 2397 1495 2443">
    <p class='ocr_par' dir='ltr' id='par_1_36' title="bbox 214 2397 1495 2443">
     <span class='ocr_line' id='line_1_74' title="bbox 214 2397 1495 2443; baseline -0.009 -8"><span class='ocrx_word' id='word_1_216' title='bbox 214 2409 300 2436; x_wconf 78' lang='lat' dir='ltr'>Miss.</span> <span class='ocrx_word' id='word_1_217' title='bbox 329 2415 383 2434; x_wconf 76' lang='lat' dir='ltr'>ms·</span> <span class='ocrx_word' id='word_1_218' title='bbox 409 2406 558 2443; x_wconf 78' lang='lat' dir='ltr'>Teplense</span> <span class='ocrx_word' id='word_1_219' title='bbox 588 2407 661 2434; x_wconf 81' lang='lat' dir='ltr'>anui</span> <span class='ocrx_word' id='word_1_220' title='bbox 691 2403 774 2433; x_wconf 87' lang='lat'>1460.</span> <span class='ocrx_word' id='word_1_221' title='bbox 822 2403 895 2431; x_wconf 73' lang='lat' dir='ltr'>eod.</span> <span class='ocrx_word' id='word_1_222' title='bbox 923 2402 1045 2438; x_wconf 82' lang='lat' dir='ltr'>Teplen.</span> <span class='ocrx_word' id='word_1_223' title='bbox 1075 2397 1138 2427; x_wconf 78' lang='lat'>172.</span> <span class='ocrx_word' id='word_1_224' title='bbox 1161 2413 1198 2417; x_wconf 92' lang='lat'>—</span> <span class='ocrx_word' id='word_1_225' title='bbox 1224 2398 1276 2432; x_wconf 83' lang='lat' dir='ltr'>4a,</span> <span class='ocrx_word' id='word_1_226' title='bbox 1302 2399 1314 2427; x_wconf 88' lang='lat'>1</span> <span class='ocrx_word' id='word_1_227' title='bbox 1341 2401 1393 2435; x_wconf 60' lang='lat' dir='ltr'>Ut,</span> <span class='ocrx_word' id='word_1_228' title='bbox 1422 2401 1495 2430; x_wconf 68' lang='lat' dir='ltr'>aber</span> 
     </span>
    </p>
   </div>
   <div class='ocr_carea' id='block_1_24' title="bbox 136 2442 956 2480">
    <p class='ocr_par' dir='ltr' id='par_1_37' title="bbox 136 2442 956 2480">
     <span class='ocr_line' id='line_1_75' title="bbox 136 2442 956 2480; baseline -0.009 -5"><span class='ocrx_word' id='word_1_229' title='bbox 136 2448 188 2475; x_wconf 88' lang='lat' dir='ltr'>ein</span> <span class='ocrx_word' id='word_1_230' title='bbox 217 2447 334 2475; x_wconf 82' lang='lat' dir='ltr'>kleines</span> <span class='ocrx_word' id='word_1_231' title='bbox 363 2455 379 2474; x_wconf 88' lang='lat' dir='ltr'>e</span> <span class='ocrx_word' id='word_1_232' title='bbox 406 2447 447 2473; x_wconf 90' lang='lat' dir='ltr'>im</span> <span class='ocrx_word' id='word_1_233' title='bbox 474 2445 512 2474; x_wconf 94' lang='lat' dir='ltr'>U.</span> <span class='ocrx_word' id='word_1_234' title='bbox 533 2459 574 2464; x_wconf 92' lang='lat'>-—</span> <span class='ocrx_word' id='word_1_235' title='bbox 601 2443 652 2478; x_wconf 74' lang='grc' dir='ltr'>Ἡ),</span> <span class='ocrx_word' id='word_1_236' title='bbox 681 2442 694 2472; x_wconf 96' lang='grc'>1</span> <span class='ocrx_word' id='word_1_237' title='bbox 726 2443 852 2480; x_wconf 85' lang='lat' dir='ltr'>Suscipe</span> <span class='ocrx_word' id='word_1_238' title='bbox 879 2450 956 2478; x_wconf 86' lang='lat' dir='ltr'>ergo.</span> 
     </span>
    </p>
   </div>
   <div class='ocr_carea' id='block_1_25' title="bbox 981 2437 1497 2474">
    <p class='ocr_par' dir='ltr' id='par_1_38' title="bbox 981 2437 1497 2474">
     <span class='ocr_line' id='line_1_76' title="bbox 981 2437 1497 2474; baseline 0.017 -13"><span class='ocrx_word' id='word_1_239' title='bbox 981 2456 1017 2461; x_wconf 41' lang='lat' dir='ltr'><em>ff</em></span> <span class='ocrx_word' id='word_1_240' title='bbox 1047 2438 1115 2470; x_wconf 63' lang='lat'>103,</span> <span class='ocrx_word' id='word_1_241' title='bbox 1138 2437 1156 2466; x_wconf 80' lang='grc'>3</span> <span class='ocrx_word' id='word_1_242' title='bbox 1182 2438 1311 2474; x_wconf 85' lang='lat' dir='ltr'>implora</span> <span class='ocrx_word' id='word_1_243' title='bbox 1339 2441 1435 2469; x_wconf 85' lang='lat' dir='ltr'>nobis.</span> <span class='ocrx_word' id='word_1_244' title='bbox 1458 2456 1497 2460; x_wconf 88' lang='lat'>—-</span> 
     </span>
    </p>
   </div>
   <div class='ocr_carea' id='block_1_26' title="bbox 135 2476 1351 2517">
    <p class='ocr_par' dir='ltr' id='par_1_39' title="bbox 135 2476 1351 2517">
     <span class='ocr_line' id='line_1_77' title="bbox 135 2476 1351 2517; baseline -0.007 -2"><span class='ocrx_word' id='word_1_245' title='bbox 135 2486 271 2515; x_wconf 85' lang='lat' dir='ltr'>Melodie</span> <span class='ocrx_word' id='word_1_246' title='bbox 293 2483 560 2514; x_wconf 82' lang='lat' dir='ltr'>wahrscheinlich:</span> <span class='ocrx_word' id='word_1_247' title='bbox 581 2483 748 2512; x_wconf 82' lang='lat' dir='ltr'>Psallite</span> <span class='ocrx_word' id='word_1_248' title='bbox 769 2482 831 2517; x_wconf 89' lang='lat' dir='ltr'>(cfr.</span> <span class='ocrx_word' id='word_1_249' title='bbox 851 2481 939 2509; x_wconf 75' lang='lat' dir='ltr'>Anal-</span> <span class='ocrx_word' id='word_1_250' title='bbox 963 2481 1074 2516; x_wconf 69' lang='lat' dir='ltr'>Hymn.</span> <span class='ocrx_word' id='word_1_251' title='bbox 1096 2478 1178 2510; x_wconf 75' lang='lat' dir='ltr'>VIII,</span> <span class='ocrx_word' id='word_1_252' title='bbox 1202 2479 1252 2506; x_wconf 82' lang='lat' dir='ltr'>Nr.</span> <span class='ocrx_word' id='word_1_253' title='bbox 1275 2476 1351 2513; x_wconf 80' lang='lat'>228).</span> 
     </span>
    </p>
   </div>
  </div>
 </body>
</html>
