1654 2756
175 255 237 288 2a.

175 480 236 512 3a.

174 705 236 737 4a.

164 1001 218 1037 312,

175 1190 235 1223 la.

173 1366 234 1399 2a.

171 1541 231 1574 3a.

169 1717 231 1750 4a.

170 1893 230 1925 5a.

266 253 386 288 Clausa
411 256 500 296 paris
527 257 710 299 parvulum,

314 303 432 337 Poenis
458 305 557 338 nullis
583 309 681 347 torta,

265 353 406 386 Pudoris
432 353 636 394 signaculum

315 401 429 435 Salvat
454 403 564 443 proles
591 406 672 437 orta.

264 479 314 511 Tu
341 489 375 512 es
402 480 490 512 vitae
515 481 694 522 speculum,

313 530 443 562 Morum
471 528 663 565 doctrinale,

263 576 332 617 Quo
361 572 497 609 docetur
523 577 687 609 saeculum

312 624 411 658 Effici
433 626 567 660 morale.

263 703 486 736 Transcendis
512 704 695 741 clementia,

318 752 485 792 Quidquid
512 761 575 784 non
603 755 653 784 est
678 752 777 793 Deus,

268 800 354 832 Hinc
380 801 423 832 ad
450 804 482 832 te
508 810 568 841 per
593 801 702 832 omnia

314 849 413 890 Fugit
439 850 529 881 exsul
558 858 642 882 reus.

819 158 863 194 91

880 257 938 291 2b.

879 478 938 514 3b.

882 701 942 736 4b.

968 258 1079 290 Pascis
1105 260 1194 289 tuum
1220 256 1388 298 pabulum,

1016 306 1114 348 Regis
1140 309 1173 337 te
1199 309 1376 348 regentem,

967 354 1064 387 Geris
1090 359 1180 386 tuum
1206 354 1352 395 gerulum

1017 403 1142 436 Gerena
1169 404 1360 445 vagientem.

966 481 1015 512 Tu
1043 480 1141 512 bibax
1167 490 1200 513 es
1227 481 1362 522 spongia

1018 528 1130 560 Divini
1154 528 1279 567 fluenti,

967 576 1018 608 De
1044 586 1107 617 qua
1132 582 1241 609 manat
1268 578 1362 617 copia

1017 625 1142 657 Mundo
1169 626 1302 658 sitienti.

969 703 1058 744 Ergo
1084 712 1144 742 per
1169 706 1203 734 te
1227 703 1356 736 veniam

1020 752 1264 791 Consequamur
1290 752 1337 783 rei

968 799 1011 832 Et
1036 803 1201 832 aeternam
1231 800 1345 832 feriam

1019 849 1104 881 Celsi
1131 849 1274 882 iubilaei.

242 926 330 962 Trop.
355 930 384 954 et
405 926 522 955 Prosar.
544 935 597 954 ms.
622 927 651 954 S.
674 927 822 954 Ludovici
843 926 1038 954 Ebroieensis
1061 934 1138 953 saec.
1164 925 1207 953 14.
1250 925 1320 952 Cod.
1344 925 1513 953 Berolinen.

163 964 308 1001 Phillipp.
341 963 424 992 1771.
446 979 483 983 --
507 964 561 1000 lb,
582 964 601 993 4
629 967 664 993 In
691 965 837 993 caelestis.
863 981 897 985 —
919 962 972 997 2a,
992 964 1011 992 4
1035 965 1145 992 Salvet.
1169 981 1204 984 —
1227 963 1280 996 21),
1306 963 1318 991 1
1342 965 1455 992 Nascit.
1478 978 1515 982 —-

243 1002 257 1031 1
281 1007 310 1032 et
331 1005 468 1040 spongia.

625 1108 674 1139 84.
708 1109 749 1139 De
771 1108 872 1139 Beata
894 1106 995 1138 Maria
1018 1107 1054 1138 V.

262 1189 367 1221 Deum
395 1189 464 1220 sine
490 1190 560 1221 vice
588 1189 684 1221 maris

263 1237 462 1281 Concepisfi,
489 1238 586 1270 stella
612 1238 721 1280 maris,

312 1287 441 1319 Patrem
468 1295 599 1326 parens.

261 1363 426 1396 Deitatem
454 1365 553 1405 rapis,
581 1374 675 1405 quam
704 1365 764 1405 vis,

262 1412 423 1445 Naturam
449 1415 582 1453 superet
608 1415 755 1453 quamvis

309 1461 390 1495 Eius
416 1470 496 1492 esse.

259 1541 342 1580 Ave,
368 1542 474 1571 mater
499 1540 615 1571 summi
641 1540 739 1580 regis,

261 1588 351 1628 Quae
377 1592 433 1620 tuo
460 1588 581 1620 lumine
608 1589 692 1629 regis

309 1637 427 1669 Totum
453 1637 619 1669 mundum.

258 1714 309 1747 Tu
334 1724 368 1747 es
395 1714 588 1747 miserorum
614 1715 747 1758 chorda,

260 1764 324 1796 Per
350 1773 445 1805 quam
473 1764 662 1797 relevantur
688 1764 789 1798 corda

309 1814 532 1847 Peccatorum.

258 1890 314 1924 Sic
338 1891 438 1932 igitur
462 1900 522 1923 nos
549 1890 688 1932 stabilis,

259 1941 345 1972 Vera
370 1939 464 1979 fides,
492 1949 550 1981 pes
577 1940 716 1980 stabilis,

307 1988 396 2022 Caeli
423 1993 539 2029 porta3

879 1189 937 1222 lb.

967 1188 1106 1220 Verbum
1136 1187 1278 1220 efficitur
1306 1196 1390 1225 caro,

967 1236 1021 1268 Sic
1048 1236 1158 1268 unitur
1185 1245 1260 1268 cara
1286 1245 1372 1276 caro,

1015 1285 1134 1318 Sancta
1157 1294 1286 1325 parenS.

877 1373 882 1379 ·
932 1390 938 1396 .
966 1363 1087 1405 Regem
1116 1372 1225 1403 regum
1254 1364 1350 1404 regis,
1373 1364 1448 1395 lieet

876 1539 935 1571 3b.

876 1715 936 1748 4b.

876 1891 937 1925 5b.

966 1412 1082 1453 Regat,
1110 1411 1164 1443 ubi
1192 1421 1354 1452 nunquam
1381 1412 1458 1444 licet

1014 1460 1128 1492 Finem
1157 1470 1237 1494 esso.

963 1541 1045 1579 Ave,
1074 1539 1231 1570 trinitatis
1258 1539 1363 1571 sedes.

967 1588 1003 1619 In
1032 1589 1121 1620 cuius
1149 1586 1232 1619 facie
1260 1588 1364 1629 sedeS,

1015 1636 1185 1678 Templum
1214 1636 1379 1669 mundum.

964 1714 1173 1747 Consolatrix
1200 1715 1417 1756 querentium,

966 1763 1048 1803 Spes
1074 1764 1202 1796 veniam
1227 1764 1451 1805 quaerentium

1014 1813 1236 1846 Peccatorum.

965 1892 1029 1924 Per
1055 1901 1257 1932 consequens
1284 1901 1342 1923 nos
1369 1892 1495 1931 inopes,

964 1941 1065 1981 Opem
1093 1945 1297 1979 quaerentes,
1325 1941 1358 1971 in
1386 1948 1463 1980 opes

1014 1990 1102 2022 Caeli
1130 1993 1234 2030 porta.

236 2077 327 2113 Trop.
350 2080 380 2104 et
398 2076 518 2104 Prosar.
541 2085 594 2104 ms.
616 2078 646 2104 S.
667 2077 815 2104 Ludovici
836 2077 1032 2105 Ebroicensis
1055 2086 1131 2105 saec.
1158 2075 1201 2104 14.
1245 2075 1316 2104 Cod.
1343 2075 1512 2103 Berolinen.

158 2116 303 2152 Phinipp.
328 2114 411 2144 1771.
433 2131 469 2135 —
496 2114 545 2150 la,
566 2114 584 2143 3
606 2116 696 2144 Pater
717 2125 834 2153 parens.
856 2131 893 2135 —
916 2117 1174 2144 Bemerkenswert
1195 2117 1243 2150 ist,
1265 2114 1330 2142 dass
1353 2115 1405 2142 der
1426 2114 1513 2142 Reim

160 2157 266 2184 immet
287 2155 380 2183 durch
401 2155 643 2193 gleiuhlautende
664 2156 769 2184 Worte
790 2157 845 2183 mit
868 2155 1110 2184 verschiedenem
1133 2155 1224 2182 Sinne
1247 2154 1379 2191 gebildet
1401 2153 1484 2181 wird.

619 2271 666 2302 85.
699 2271 741 2303 De
764 2270 864 2302 Beata
886 2269 988 2302 Maria
1010 2270 1045 2301 V.

431 2354 463 2388 1.
490 2354 601 2387 Mater
627 2353 689 2386 Dei
716 2353 891 2393 singularis
918 2353 1037 2389 meriti.

489 2403 579 2436 Tuae
603 2412 715 2435 snmus
741 2401 861 2435 ditioni
887 2400 1003 2441 dediti,

491 2452 660 2494 Obligatos
687 2451 814 2483 ratione
843 2449 946 2483 debiti

490 2501 556 2534 Per
581 2504 614 2532 te
639 2501 756 2542 solvat,
785 2508 804 2531 a
830 2508 893 2540 quo
921 2507 1029 2530 sumus
1057 2498 1191 2533 tanditi.
