1654 2756
160 260 245 294 loa.
276 260 350 293 Hoc
373 261 474 304 caeci,
502 261 639 303 debiles,
665 262 786 302 claudi,

163 514 248 549 lla.

241 895 325 922 Miss.
358 903 411 921 ms.

696 163 962 200 —267—

282 309 416 350 leprosi,
444 310 547 353 surdi,

280 362 375 399 peste
400 358 547 400 qualibet
572 359 701 401 g'ravati

283 407 380 440 simul
405 412 575 451 asserunt;

280 514 376 548 Nunc
403 523 480 556 ergo
506 515 585 547 laeti

279 564 364 596 tanti
389 564 493 603 patris
519 565 696 604 praeconia

280 620 444 653 canamus,

866 263 910 296 10
922 263 952 296 b.
985 263 1056 296 Hoc
1082 272 1192 296 omnes
1220 262 1358 303 denique
1385 261 1478 293 clade

989 312 1135 352 depressi
1162 321 1252 345 suam

987 364 1055 393 toto
1082 365 1213 402 pectore
1239 361 1431 401 quaerentes

987 418 1081 450 opem
1108 410 1261 443 sentiunt.

869 516 910 549 11
925 515 956 549 b.
991 516 1097 556 Ipsius
1126 524 1202 548 voce

990 567 1021 596 et
1047 564 1154 596 animo
1180 563 1332 603 suffragia

991 617 1172 652 poscentes,

518 710 573 742 12.
602 708 656 742 Et.
685 718 778 749 quem
806 718 998 741 veneramur
1025 710 1057 742 in
1085 710 1192 748 terris,

603 766 732 798 semper
758 759 1005 790 intercessorem

608 807 784 839 sentiamus
811 807 898 847 pium
927 807 960 838 in
987 807 1085 840 caelis

440 894 642 921 Admontense
675 901 752 922 saec.
780 891 824 921 12.
853 893 923 921 eod.
952 893 1123 921 Admonten
1153 891 1219 921 786.
1247 907 1283 912 —
1313 892 1372 926 3b‚
1406 892 1423 919 ὅ
1453 894 1512 919 iam

164 934 267 961 factor.
290 947 327 952 —
349 932 395 961 4b
424 934 478 960 mit
498 931 541 960 4a
563 941 599 960 zu
621 934 704 961 einer
726 933 850 960 Klausel
872 933 1053 960 verbunden.
1077 947 1113 952 —
1137 931 1194 961 7b,
1221 932 1240 960 4
1262 933 1376 969 probat.
1399 948 1434 951 —
1457 930 1511 961 Sb.

166 973 180 1001 1
206 973 454 1008 Ymnigenarum.

185 1227 246 1259 2a.

185 1433 247 1464 3a.

185 1638 247 1669 4a.

184 1892 249 1923 5a.

183 2098 247 2130 Ga.

185 2353 250 2385 7a.

619 1047 687 1078 296.
729 1047 773 1078 De
795 1050 907 1078 sancto
929 1046 1066 1078 Nicolao.

577 1130 608 1161 1.
635 1125 712 1161 Nati
739 1127 859 1168 pudica
884 1127 1020 1168 virginis

279 1225 376 1265 Alvo,
406 1226 510 1265 patris
535 1225 660 1257 aeterni

283 1274 469 1315 pneumatis
495 1278 528 1304 et
553 1273 631 1305 almi

284 1322 381 1355 laude
408 1331 479 1354 cum
507 1321 630 1354 celebri

281 1427 443 1464 Caelestia

286 1478 342 1519 qui
368 1486 462 1510 sacro
489 1481 621 1518 pectore

289 1526 432 1559 condens
461 1527 614 1566 dogmata

282 1632 395 1669 Laude
424 1634 539 1674 dignus

284 1692 361 1724 ergo
388 1683 572 1724 praeconiis

283 1732 479 1764 sublimatur
507 1730 702 1764 caelestibus

283 1782 399 1814 summi
426 1780 602 1813 sacerdotii
629 1779 743 1820 gradu.

281 1885 381 1924 Uictu
407 1890 556 1920 carentes

281 1938 411 1979 fideque
441 1936 566 1969 debiles

283 1996 346 2029 ope
373 1995 516 2027 congrua
543 1985 704 2029 refovens,

279 2093 447 2130 Adfuerat
472 2094 642 2126 invocatus

283 2140 391 2177 nautis
418 2139 485 2188 [in]
511 2142 604 2184 mari,

284 2193 402 2226 tumidi
429 2191 519 2224 venti
545 2190 688 2223 furorem

283 2241 495 2283 compescuit.

283 2349 411 2386 Tritico
436 2350 546 2382 nautis

287 2404 434 2433 mutuato
461 2399 549 2431 cives

285 2449 379 2490 pavit
403 2457 574 2482 numerum
601 2445 746 2480 reddens

286 2497 417 2533 modiis,

897 1223 958 1259 2b,
992 1221 1123 1264 Insigne
1150 1224 1330 1255 recolamus

994 1271 1113 1304 festum
1140 1272 1270 1303 Nicolai

993 1320 1156 1360 praesulis
1180 1320 1296 1353 incliti,

897 1429 960 1462 3b.
993 1427 1181 1467 Omnigenis

996 1477 1150 1508 virtutum
1177 1474 1310 1507 floribus

994 1524 1085 1557 fulsit
1110 1523 1245 1556 nitidus.

897 1632 962 1667 4b.
993 1629 1162 1666 Antistius

996 1682 1122 1721 pollens
1147 1679 1336 1719 honorum,

993 1734 1025 1762 at
1053 1729 1223 1762 sublimior
1249 1728 1404 1762 moribus,

995 1780 1095 1811 servit
1114 1783 1148 1810 ut
1168 1787 1281 1810 servus
1301 1776 1509 1810 christicolis.

898 1887 960 1921 5b.
995 1884 1111 1920 Servat
1138 1886 1298 1927 pudorem

993 1945 1072 1968 auro
1099 1936 1281 1976 vxrgineum

991 1986 1078 2026 patri
1106 1985 1268 2025 praebens
1295 1983 1460 2016 solacium,

898 2093 961 2126 6b.
994 2089 1141 2126 Noscens
1167 2092 1325 2123 immunes
1353 2090 1498 2122 criminis

995 2150 1091 2172 cursu
1117 2141 1266 2181 praepeti

995 2190 1127 2222 iuvenes
1154 2189 1251 2222 solvit
1278 2189 1318 2221 de
1345 2189 1436 2221 theta

998 2238 1174 2279 signaculo.

899 2346 963 2379 7b.
996 2343 1131 2380 Inhians
1158 2345 1260 2378 sacris

993 2394 1049 2436 pia
1075 2398 1182 2426 mente
1210 2395 1309 2426 lucris

996 2441 1080 2476 fovit
1105 2443 1243 2476 miseros
1270 2452 1332 2485 ope

997 2492 1166 2534 plurimos,
