<?xml version="1.0" encoding="UTF-8"?>
<!DOCTYPE html PUBLIC "-//W3C//DTD XHTML 1.0 Transitional//EN"
    "http://www.w3.org/TR/xhtml1/DTD/xhtml1-transitional.dtd">
<html xmlns="http://www.w3.org/1999/xhtml" xml:lang="en" lang="en">
 <head>
  <title>
</title>
<meta http-equiv="Content-Type" content="text/html;charset=utf-8" />
  <meta name='ocr-system' content='tesseract 3.04.00' />
  <meta name='ocr-capabilities' content='ocr_page ocr_carea ocr_par ocr_line ocrx_word'/>
</head>
<body>
  <div class='ocr_page' id='page_1' title='image "./analectahymnica42drevuoft_0311.png"; bbox 0 0 1654 2756; ppageno 0'>
   <div class='ocr_carea' id='block_1_1' title="bbox 715 127 980 164">
    <p class='ocr_par' dir='ltr' id='par_1_1' title="bbox 715 127 980 164">
     <span class='ocr_line' id='line_1_1' title="bbox 715 127 980 164; baseline 0.008 -2"><span class='ocrx_word' id='word_1_1' title='bbox 715 127 884 164; x_wconf 87' lang='lat'>—308</span> <span class='ocrx_word' id='word_1_2' title='bbox 937 148 980 153; x_wconf 94' lang='lat'><strong>—</strong></span> 
     </span>
    </p>
   </div>
   <div class='ocr_carea' id='block_1_2' title="bbox 210 228 623 267">
    <p class='ocr_par' dir='ltr' id='par_1_2' title="bbox 210 228 623 267">
     <span class='ocr_line' id='line_1_2' title="bbox 210 228 623 267; baseline -0.01 -7"><span class='ocrx_word' id='word_1_3' title='bbox 210 230 271 262; x_wconf 70' lang='lat'>42.</span> <span class='ocrx_word' id='word_1_4' title='bbox 302 228 422 260; x_wconf 78' lang='lat' dir='ltr'>Christi</span> <span class='ocrx_word' id='word_1_5' title='bbox 448 235 623 267; x_wconf 72' lang='lat' dir='ltr'>praecones</span> 
     </span>
    </p>
   </div>
   <div class='ocr_carea' id='block_1_3' title="bbox 207 423 266 453">
    <p class='ocr_par' dir='ltr' id='par_1_3' title="bbox 207 423 266 453">
     <span class='ocr_line' id='line_1_3' title="bbox 207 423 266 453; baseline -0.034 0"><span class='ocrx_word' id='word_1_6' title='bbox 207 423 266 453; x_wconf 81' lang='lat' dir='ltr'>5a.</span> 
     </span>
    </p>
   </div>
   <div class='ocr_carea' id='block_1_4' title="bbox 210 566 269 597">
    <p class='ocr_par' dir='ltr' id='par_1_4' title="bbox 210 566 269 597">
     <span class='ocr_line' id='line_1_4' title="bbox 210 566 269 597; baseline -0.034 0"><span class='ocrx_word' id='word_1_7' title='bbox 210 566 269 597; x_wconf 74' lang='lat' dir='ltr'>fia.</span> 
     </span>
    </p>
   </div>
   <div class='ocr_carea' id='block_1_5' title="bbox 209 1046 267 1079">
    <p class='ocr_par' dir='ltr' id='par_1_5' title="bbox 209 1046 267 1079">
     <span class='ocr_line' id='line_1_5' title="bbox 209 1046 267 1079; baseline 0.052 -4"><span class='ocrx_word' id='word_1_8' title='bbox 209 1046 267 1079; x_wconf 70' lang='lat' dir='ltr'>Sa.</span> 
     </span>
    </p>
   </div>
   <div class='ocr_carea' id='block_1_6' title="bbox 208 1286 268 1317">
    <p class='ocr_par' dir='ltr' id='par_1_6' title="bbox 208 1286 268 1317">
     <span class='ocr_line' id='line_1_6' title="bbox 208 1286 268 1317; baseline -0.033 0"><span class='ocrx_word' id='word_1_9' title='bbox 208 1286 268 1317; x_wconf 70' lang='lat'>9³.</span> 
     </span>
    </p>
   </div>
   <div class='ocr_carea' id='block_1_7' title="bbox 189 1476 268 1508">
    <p class='ocr_par' dir='ltr' id='par_1_7' title="bbox 189 1476 268 1508">
     <span class='ocr_line' id='line_1_7' title="bbox 189 1476 268 1508; baseline 0 0"><span class='ocrx_word' id='word_1_10' title='bbox 189 1476 268 1508; x_wconf 84' lang='lat' dir='ltr'>loa.</span> 
     </span>
    </p>
   </div>
   <div class='ocr_carea' id='block_1_8' title="bbox 187 1717 270 1748">
    <p class='ocr_par' dir='ltr' id='par_1_8' title="bbox 187 1717 270 1748">
     <span class='ocr_line' id='line_1_8' title="bbox 187 1717 270 1748; baseline -0.012 0"><span class='ocrx_word' id='word_1_11' title='bbox 187 1717 270 1748; x_wconf 84' lang='lat' dir='ltr'>lla.</span> 
     </span>
    </p>
   </div>
   <div class='ocr_carea' id='block_1_9' title="bbox 188 1958 270 1991">
    <p class='ocr_par' dir='ltr' id='par_1_9' title="bbox 188 1958 270 1991">
     <span class='ocr_line' id='line_1_9' title="bbox 188 1958 270 1991; baseline 0.012 -1"><span class='ocrx_word' id='word_1_12' title='bbox 188 1958 270 1991; x_wconf 68' lang='lat'>123.</span> 
     </span>
    </p>
   </div>
   <div class='ocr_carea' id='block_1_10' title="bbox 302 281 611 364">
    <p class='ocr_par' dir='ltr' id='par_1_10' title="bbox 302 281 611 364">
     <span class='ocr_line' id='line_1_10' title="bbox 304 281 530 314; baseline -0.004 -7"><span class='ocrx_word' id='word_1_13' title='bbox 304 281 530 314; x_wconf 80' lang='lat' dir='ltr'>senatoresque</span> 
     </span>
     <span class='ocr_line' id='line_1_11' title="bbox 302 323 611 364; baseline -0.006 -9"><span class='ocrx_word' id='word_1_14' title='bbox 302 324 449 356; x_wconf 85' lang='lat' dir='ltr'>caelestis</span> <span class='ocrx_word' id='word_1_15' title='bbox 476 323 611 364; x_wconf 79' lang='lat' dir='ltr'>patriae,</span> 
     </span>
    </p>
   </div>
   <div class='ocr_carea' id='block_1_11' title="bbox 298 417 743 507">
    <p class='ocr_par' dir='ltr' id='par_1_11' title="bbox 298 417 743 507">
     <span class='ocr_line' id='line_1_12' title="bbox 298 417 720 459; baseline 0 -9"><span class='ocrx_word' id='word_1_16' title='bbox 298 419 357 459; x_wconf 82' lang='lat' dir='ltr'>Qui</span> <span class='ocrx_word' id='word_1_17' title='bbox 382 419 556 450; x_wconf 85' lang='lat' dir='ltr'>revocastis</span> <span class='ocrx_word' id='word_1_18' title='bbox 584 417 720 450; x_wconf 81' lang='lat' dir='ltr'>Domino</span> 
     </span>
     <span class='ocr_line' id='line_1_13' title="bbox 303 466 743 507; baseline -0.002 -8"><span class='ocrx_word' id='word_1_19' title='bbox 303 467 390 499; x_wconf 90' lang='lat' dir='ltr'>orbis</span> <span class='ocrx_word' id='word_1_20' title='bbox 418 476 516 507; x_wconf 88' lang='lat' dir='ltr'>regna</span> <span class='ocrx_word' id='word_1_21' title='bbox 542 466 743 505; x_wconf 82' lang='lat' dir='ltr'>rebellantia,</span> 
     </span>
    </p>
   </div>
   <div class='ocr_carea' id='block_1_12' title="bbox 304 563 788 700">
    <p class='ocr_par' dir='ltr' id='par_1_12' title="bbox 304 563 788 700">
     <span class='ocr_line' id='line_1_14' title="bbox 304 563 426 595; baseline -0.008 0"><span class='ocrx_word' id='word_1_22' title='bbox 304 563 426 595; x_wconf 87' lang='lat' dir='ltr'>Solvite</span> 
     </span>
     <span class='ocr_line' id='line_1_15' title="bbox 305 611 750 651; baseline -0.004 -8"><span class='ocrx_word' id='word_1_23' title='bbox 305 611 401 643; x_wconf 89' lang='lat' dir='ltr'>hodie</span> <span class='ocrx_word' id='word_1_24' title='bbox 428 621 446 643; x_wconf 87' lang='lat' dir='ltr'>a</span> <span class='ocrx_word' id='word_1_25' title='bbox 472 611 596 651; x_wconf 88' lang='lat' dir='ltr'>peccati</span> <span class='ocrx_word' id='word_1_26' title='bbox 624 611 750 642; x_wconf 79' lang='lat' dir='ltr'>vinculo</span> 
     </span>
     <span class='ocr_line' id='line_1_16' title="bbox 308 659 788 700; baseline 0.002 -10"><span class='ocrx_word' id='word_1_27' title='bbox 308 664 414 691; x_wconf 76' lang='lat' dir='ltr'>vestra</span> <span class='ocrx_word' id='word_1_28' title='bbox 442 661 583 691; x_wconf 84' lang='lat' dir='ltr'>colentes</span> <span class='ocrx_word' id='word_1_29' title='bbox 609 659 788 700; x_wconf 71' lang='lat' dir='ltr'>sollemnia,</span> 
     </span>
    </p>
   </div>
   <div class='ocr_carea' id='block_1_13' title="bbox 302 755 607 987">
    <p class='ocr_par' dir='ltr' id='par_1_13' title="bbox 302 755 607 987">
     <span class='ocr_line' id='line_1_17' title="bbox 302 755 549 796; baseline -0.008 -8"><span class='ocrx_word' id='word_1_30' title='bbox 302 756 450 796; x_wconf 82' lang='lat' dir='ltr'>Apostoli</span> <span class='ocrx_word' id='word_1_31' title='bbox 478 755 549 794; x_wconf 87' lang='lat' dir='ltr'>Dei,</span> 
     </span>
     <span class='ocr_line' id='line_1_18' title="bbox 308 804 464 836; baseline -0.013 0"><span class='ocrx_word' id='word_1_32' title='bbox 308 805 347 836; x_wconf 88' lang='lat' dir='ltr'>de</span> <span class='ocrx_word' id='word_1_33' title='bbox 374 804 464 834; x_wconf 87' lang='lat' dir='ltr'>vobis</span> 
     </span>
     <span class='ocr_line' id='line_1_19' title="bbox 304 851 607 893; baseline -0.003 -10"><span class='ocrx_word' id='word_1_34' title='bbox 304 852 482 893; x_wconf 88' lang='lat' dir='ltr'>prophetae</span> <span class='ocrx_word' id='word_1_35' title='bbox 505 851 607 883; x_wconf 87' lang='lat' dir='ltr'>sancti</span> 
     </span>
     <span class='ocr_line' id='line_1_20' title="bbox 306 901 572 932; baseline -0.004 0"><span class='ocrx_word' id='word_1_36' title='bbox 306 901 472 932; x_wconf 74' lang='lat' dir='ltr'>vaticinati</span> <span class='ocrx_word' id='word_1_37' title='bbox 498 905 572 931; x_wconf 81' lang='lat' dir='ltr'>suut</span> 
     </span>
     <span class='ocr_line' id='line_1_21' title="bbox 305 948 434 987; baseline -0.016 -7"><span class='ocrx_word' id='word_1_38' title='bbox 305 948 434 987; x_wconf 75' lang='lat' dir='ltr'>inclita3</span> 
     </span>
    </p>
   </div>
   <div class='ocr_carea' id='block_1_14' title="bbox 299 1044 721 1227">
    <p class='ocr_par' dir='ltr' id='par_1_14' title="bbox 299 1044 721 1227">
     <span class='ocr_line' id='line_1_22' title="bbox 299 1044 644 1084; baseline -0.006 -8"><span class='ocrx_word' id='word_1_39' title='bbox 299 1045 370 1076; x_wconf 76' lang='lat' dir='ltr'>Non</span> <span class='ocrx_word' id='word_1_40' title='bbox 400 1054 454 1075; x_wconf 69' lang='lat' dir='ltr'>vos</span> <span class='ocrx_word' id='word_1_41' title='bbox 481 1044 644 1084; x_wconf 84' lang='lat' dir='ltr'>principes</span> 
     </span>
     <span class='ocr_line' id='line_1_23' title="bbox 304 1092 721 1130; baseline 0 -7"><span class='ocrx_word' id='word_1_42' title='bbox 304 1092 413 1124; x_wconf 85' lang='lat' dir='ltr'>mundi</span> <span class='ocrx_word' id='word_1_43' title='bbox 440 1098 562 1124; x_wconf 88' lang='lat' dir='ltr'>terrere</span> <span class='ocrx_word' id='word_1_44' title='bbox 589 1097 721 1130; x_wconf 81' lang='lat' dir='ltr'>possunt</span> 
     </span>
     <span class='ocr_line' id='line_1_24' title="bbox 307 1140 608 1176; baseline -0.007 -4"><span class='ocrx_word' id='word_1_45' title='bbox 307 1141 414 1176; x_wconf 77' lang='lat' dir='ltr'>minis,</span> <span class='ocrx_word' id='word_1_46' title='bbox 442 1140 608 1171; x_wconf 85' lang='lat' dir='ltr'>tormentis</span> 
     </span>
     <span class='ocr_line' id='line_1_25' title="bbox 305 1189 483 1227; baseline -0.006 -7"><span class='ocrx_word' id='word_1_47' title='bbox 305 1189 483 1227; x_wconf 79' lang='lat' dir='ltr'>atrocibus;</span> 
     </span>
    </p>
   </div>
   <div class='ocr_carea' id='block_1_15' title="bbox 303 1284 643 1419">
    <p class='ocr_par' dir='ltr' id='par_1_15' title="bbox 303 1284 643 1419">
     <span class='ocr_line' id='line_1_26' title="bbox 303 1284 463 1316; baseline -0.013 0"><span class='ocrx_word' id='word_1_48' title='bbox 303 1285 365 1316; x_wconf 90' lang='lat' dir='ltr'>Pro</span> <span class='ocrx_word' id='word_1_49' title='bbox 392 1284 463 1314; x_wconf 83' lang='lat' dir='ltr'>lesu</span> 
     </span>
     <span class='ocr_line' id='line_1_27' title="bbox 305 1332 595 1364; baseline 0.003 -2"><span class='ocrx_word' id='word_1_50' title='bbox 305 1341 381 1364; x_wconf 75' lang='lat' dir='ltr'>vera</span> <span class='ocrx_word' id='word_1_51' title='bbox 410 1332 472 1363; x_wconf 76' lang='lat' dir='ltr'>tide</span> <span class='ocrx_word' id='word_1_52' title='bbox 500 1332 595 1364; x_wconf 87' lang='lat' dir='ltr'>vitam</span> 
     </span>
     <span class='ocr_line' id='line_1_28' title="bbox 307 1380 643 1419; baseline -0.003 -8"><span class='ocrx_word' id='word_1_53' title='bbox 307 1380 442 1411; x_wconf 80' lang='lat' dir='ltr'>dedistis</span> <span class='ocrx_word' id='word_1_54' title='bbox 468 1381 643 1419; x_wconf 75' lang='lat' dir='ltr'>propriam,</span> 
     </span>
    </p>
   </div>
   <div class='ocr_carea' id='block_1_16' title="bbox 301 1476 652 1661">
    <p class='ocr_par' dir='ltr' id='par_1_16' title="bbox 301 1476 556 1556">
     <span class='ocr_line' id='line_1_29' title="bbox 301 1476 556 1508; baseline -0.004 0"><span class='ocrx_word' id='word_1_55' title='bbox 301 1476 353 1508; x_wconf 88' lang='lat' dir='ltr'>Sic</span> <span class='ocrx_word' id='word_1_56' title='bbox 381 1485 473 1507; x_wconf 69' lang='lat' dir='ltr'>verae</span> <span class='ocrx_word' id='word_1_57' title='bbox 500 1477 556 1507; x_wconf 70' lang='lat' dir='ltr'>viti</span> 
     </span>
     <span class='ocr_line' id='line_1_30' title="bbox 304 1524 464 1556; baseline 0.006 -1"><span class='ocrx_word' id='word_1_58' title='bbox 304 1524 464 1556; x_wconf 88' lang='lat' dir='ltr'>coniuncti</span> 
     </span>
    </p>

    <p class='ocr_par' dir='ltr' id='par_1_17' title="bbox 304 1572 652 1661">
     <span class='ocr_line' id='line_1_31' title="bbox 304 1572 619 1612; baseline 0 -8"><span class='ocrx_word' id='word_1_59' title='bbox 304 1573 452 1612; x_wconf 78' lang='lat' dir='ltr'>palmites</span> <span class='ocrx_word' id='word_1_60' title='bbox 478 1572 619 1604; x_wconf 76' lang='lat' dir='ltr'>fructum</span> 
     </span>
     <span class='ocr_line' id='line_1_32' title="bbox 308 1621 652 1661; baseline 0.003 -9"><span class='ocrx_word' id='word_1_61' title='bbox 308 1621 443 1652; x_wconf 80' lang='lat' dir='ltr'>dedistis</span> <span class='ocrx_word' id='word_1_62' title='bbox 470 1622 652 1661; x_wconf 89' lang='lat' dir='ltr'>plurimum.</span> 
     </span>
    </p>
   </div>
   <div class='ocr_carea' id='block_1_17' title="bbox 300 1717 817 1901">
    <p class='ocr_par' dir='ltr' id='par_1_18' title="bbox 300 1717 470 1756">
     <span class='ocr_line' id='line_1_33' title="bbox 300 1717 470 1756; baseline -0.012 -8"><span class='ocrx_word' id='word_1_63' title='bbox 300 1717 386 1756; x_wconf 81' lang='lat' dir='ltr'>Ergo</span> <span class='ocrx_word' id='word_1_64' title='bbox 414 1726 470 1747; x_wconf 85' lang='lat' dir='ltr'>nos</span> 
     </span>
    </p>

    <p class='ocr_par' dir='ltr' id='par_1_19' title="bbox 306 1765 817 1853">
     <span class='ocr_line' id='line_1_34' title="bbox 306 1765 817 1806; baseline 0.006 -10"><span class='ocrx_word' id='word_1_65' title='bbox 306 1765 524 1805; x_wconf 76' lang='lat' dir='ltr'>supplicantes</span> <span class='ocrx_word' id='word_1_66' title='bbox 559 1774 685 1804; x_wconf 88' lang='lat' dir='ltr'>semper</span> <span class='ocrx_word' id='word_1_67' title='bbox 711 1771 817 1806; x_wconf 89' lang='lat' dir='ltr'>prote-</span> 
     </span>
     <span class='ocr_line' id='line_1_35' title="bbox 532 1814 624 1853; baseline -0.011 -8"><span class='ocrx_word' id='word_1_68' title='bbox 532 1814 624 1853; x_wconf 87' lang='lat' dir='ltr'>gatis,</span> 
     </span>
    </p>

    <p class='ocr_par' dir='ltr' id='par_1_20' title="bbox 308 1860 737 1901">
     <span class='ocr_line' id='line_1_36' title="bbox 308 1860 737 1901; baseline 0.007 -9"><span class='ocrx_word' id='word_1_69' title='bbox 308 1860 440 1901; x_wconf 86' lang='lat' dir='ltr'>spiritus</span> <span class='ocrx_word' id='word_1_70' title='bbox 467 1862 570 1892; x_wconf 81' lang='lat' dir='ltr'>sancti</span> <span class='ocrx_word' id='word_1_71' title='bbox 598 1863 737 1895; x_wconf 84' lang='lat' dir='ltr'>vascula.</span> 
     </span>
    </p>
   </div>
   <div class='ocr_carea' id='block_1_18' title="bbox 304 1958 754 2193">
    <p class='ocr_par' dir='ltr' id='par_1_21' title="bbox 304 1958 479 1998">
     <span class='ocr_line' id='line_1_37' title="bbox 304 1958 479 1998; baseline 0.006 -9"><span class='ocrx_word' id='word_1_72' title='bbox 304 1958 479 1998; x_wconf 77' lang='lat' dir='ltr'>Praecepta</span> 
     </span>
    </p>

    <p class='ocr_par' dir='ltr' id='par_1_22' title="bbox 306 2006 754 2097">
     <span class='ocr_line' id='line_1_38' title="bbox 306 2006 754 2044; baseline 0.007 -8"><span class='ocrx_word' id='word_1_73' title='bbox 306 2010 423 2044; x_wconf 68' lang='lat' dir='ltr'>vestra,</span> <span class='ocrx_word' id='word_1_74' title='bbox 452 2008 630 2044; x_wconf 89' lang='lat' dir='ltr'>caritatem,</span> <span class='ocrx_word' id='word_1_75' title='bbox 658 2006 754 2039; x_wconf 89' lang='lat' dir='ltr'>fidem</span> 
     </span>
     <span class='ocr_line' id='line_1_39' title="bbox 310 2056 655 2097; baseline 0.003 -11"><span class='ocrx_word' id='word_1_76' title='bbox 310 2060 343 2086; x_wconf 94' lang='lat' dir='ltr'>ut</span> <span class='ocrx_word' id='word_1_77' title='bbox 371 2056 460 2095; x_wconf 82' lang='lat' dir='ltr'>sequi</span> <span class='ocrx_word' id='word_1_78' title='bbox 485 2057 655 2097; x_wconf 87' lang='lat' dir='ltr'>possimus,</span> 
     </span>
    </p>

    <p class='ocr_par' dir='ltr' id='par_1_23' title="bbox 306 2104 683 2193">
     <span class='ocr_line' id='line_1_40' title="bbox 306 2104 683 2144; baseline 0.008 -11"><span class='ocrx_word' id='word_1_79' title='bbox 306 2113 323 2134; x_wconf 85' lang='lat' dir='ltr'>a</span> <span class='ocrx_word' id='word_1_80' title='bbox 352 2104 479 2135; x_wconf 62' lang='lat' dir='ltr'>christo</span> <span class='ocrx_word' id='word_1_81' title='bbox 505 2114 564 2144; x_wconf 92' lang='lat' dir='ltr'>pro</span> <span class='ocrx_word' id='word_1_82' title='bbox 590 2104 683 2136; x_wconf 87' lang='lat' dir='ltr'>nobis</span> 
     </span>
     <span class='ocr_line' id='line_1_41' title="bbox 307 2153 656 2193; baseline 0.009 -11"><span class='ocrx_word' id='word_1_83' title='bbox 307 2153 478 2192; x_wconf 82' lang='lat' dir='ltr'>impetrate</span> <span class='ocrx_word' id='word_1_84' title='bbox 505 2153 656 2193; x_wconf 82' lang='lat' dir='ltr'>gratiam.</span> 
     </span>
    </p>
   </div>
   <div class='ocr_carea' id='block_1_19' title="bbox 628 2251 963 2285">
    <p class='ocr_par' dir='ltr' id='par_1_24' title="bbox 628 2251 963 2285">
     <span class='ocr_line' id='line_1_42' title="bbox 628 2251 963 2285; baseline 0.006 -2"><span class='ocrx_word' id='word_1_85' title='bbox 628 2252 638 2283; x_wconf 96' lang='lat' dir='ltr'>l</span> <span class='ocrx_word' id='word_1_86' title='bbox 648 2252 680 2285; x_wconf 85' lang='lat'>3.</span> <span class='ocrx_word' id='word_1_87' title='bbox 707 2251 772 2284; x_wconf 80' lang='lat' dir='ltr'>Sed</span> <span class='ocrx_word' id='word_1_88' title='bbox 797 2251 963 2285; x_wconf 84' lang='lat' dir='ltr'>vobiscum</span> 
     </span>
    </p>
   </div>
   <div class='ocr_carea' id='block_1_20' title="bbox 905 223 1328 259">
    <p class='ocr_par' dir='ltr' id='par_1_25' title="bbox 905 223 1328 259">
     <span class='ocr_line' id='line_1_43' title="bbox 905 223 1328 259; baseline -0.005 -1"><span class='ocrx_word' id='word_1_89' title='bbox 905 225 967 259; x_wconf 80' lang='lat' dir='ltr'>4b.</span> <span class='ocrx_word' id='word_1_90' title='bbox 998 223 1178 258; x_wconf 73' lang='lat' dir='ltr'>Defendite</span> <span class='ocrx_word' id='word_1_91' title='bbox 1203 224 1328 258; x_wconf 82' lang='lat' dir='ltr'>Christi</span> 
     </span>
    </p>
   </div>
   <div class='ocr_carea' id='block_1_21' title="bbox 903 418 964 451">
    <p class='ocr_par' dir='ltr' id='par_1_26' title="bbox 903 418 964 451">
     <span class='ocr_line' id='line_1_44' title="bbox 903 418 964 451; baseline 0 0"><span class='ocrx_word' id='word_1_92' title='bbox 903 418 964 451; x_wconf 89' lang='lat' dir='ltr'>5b.</span> 
     </span>
    </p>
   </div>
   <div class='ocr_carea' id='block_1_22' title="bbox 904 563 966 598">
    <p class='ocr_par' dir='ltr' id='par_1_27' title="bbox 904 563 966 598">
     <span class='ocr_line' id='line_1_45' title="bbox 904 563 966 598; baseline 0.032 -3"><span class='ocrx_word' id='word_1_93' title='bbox 904 563 966 598; x_wconf 86' lang='lat' dir='ltr'>6b.</span> 
     </span>
    </p>
   </div>
   <div class='ocr_carea' id='block_1_23' title="bbox 905 757 967 791">
    <p class='ocr_par' dir='ltr' id='par_1_28' title="bbox 905 757 967 791">
     <span class='ocr_line' id='line_1_46' title="bbox 905 757 967 791; baseline 0.032 -3"><span class='ocrx_word' id='word_1_94' title='bbox 905 757 967 791; x_wconf 85' lang='lat' dir='ltr'>7b.</span> 
     </span>
    </p>
   </div>
   <div class='ocr_carea' id='block_1_24' title="bbox 904 1045 968 1080">
    <p class='ocr_par' dir='ltr' id='par_1_29' title="bbox 904 1045 968 1080">
     <span class='ocr_line' id='line_1_47' title="bbox 904 1045 968 1080; baseline 0.031 -3"><span class='ocrx_word' id='word_1_95' title='bbox 904 1045 968 1080; x_wconf 84' lang='lat' dir='ltr'>8b.</span> 
     </span>
    </p>
   </div>
   <div class='ocr_carea' id='block_1_25' title="bbox 902 1286 964 1319">
    <p class='ocr_par' dir='ltr' id='par_1_30' title="bbox 902 1286 964 1319">
     <span class='ocr_line' id='line_1_48' title="bbox 902 1286 964 1319; baseline -0.016 0"><span class='ocrx_word' id='word_1_96' title='bbox 902 1286 964 1319; x_wconf 84' lang='lat' dir='ltr'>9b.</span> 
     </span>
    </p>
   </div>
   <div class='ocr_carea' id='block_1_26' title="bbox 879 1479 964 1511">
    <p class='ocr_par' dir='ltr' id='par_1_31' title="bbox 879 1479 964 1511">
     <span class='ocr_line' id='line_1_49' title="bbox 879 1479 964 1511; baseline 0 0"><span class='ocrx_word' id='word_1_97' title='bbox 879 1479 964 1511; x_wconf 88' lang='lat' dir='ltr'>10b.</span> 
     </span>
    </p>
   </div>
   <div class='ocr_carea' id='block_1_27' title="bbox 880 1719 965 1753">
    <p class='ocr_par' dir='ltr' id='par_1_32' title="bbox 880 1719 965 1753">
     <span class='ocr_line' id='line_1_50' title="bbox 880 1719 965 1753; baseline 0.012 -1"><span class='ocrx_word' id='word_1_98' title='bbox 880 1719 965 1753; x_wconf 93' lang='lat' dir='ltr'>11b.</span> 
     </span>
    </p>
   </div>
   <div class='ocr_carea' id='block_1_28' title="bbox 881 1961 965 1994">
    <p class='ocr_par' dir='ltr' id='par_1_33' title="bbox 881 1961 965 1994">
     <span class='ocr_line' id='line_1_51' title="bbox 881 1961 965 1994; baseline 0.012 -1"><span class='ocrx_word' id='word_1_99' title='bbox 881 1961 922 1994; x_wconf 89' lang='lat'>12</span> <span class='ocrx_word' id='word_1_100' title='bbox 937 1961 965 1994; x_wconf 87' lang='lat' dir='ltr'>b.</span> 
     </span>
    </p>
   </div>
   <div class='ocr_carea' id='block_1_29' title="bbox 997 277 1378 361">
    <p class='ocr_par' dir='ltr' id='par_1_34' title="bbox 997 277 1378 361">
     <span class='ocr_line' id='line_1_52' title="bbox 998 277 1269 314; baseline 0 -8"><span class='ocrx_word' id='word_1_101' title='bbox 998 277 1152 314; x_wconf 75' lang='lat' dir='ltr'>sanctam,</span> <span class='ocrx_word' id='word_1_102' title='bbox 1176 282 1269 314; x_wconf 88' lang='lat' dir='ltr'>quam</span> 
     </span>
     <span class='ocr_line' id='line_1_53' title="bbox 997 321 1378 361; baseline -0.003 -7"><span class='ocrx_word' id='word_1_103' title='bbox 997 321 1171 361; x_wconf 84' lang='lat' dir='ltr'>fundastis,</span> <span class='ocrx_word' id='word_1_104' title='bbox 1198 321 1378 354; x_wconf 84' lang='lat' dir='ltr'>ecclesiam.</span> 
     </span>
    </p>
   </div>
   <div class='ocr_carea' id='block_1_30' title="bbox 997 417 1518 508">
    <p class='ocr_par' dir='ltr' id='par_1_35' title="bbox 997 417 1518 508">
     <span class='ocr_line' id='line_1_54' title="bbox 997 417 1518 459; baseline -0.004 -7"><span class='ocrx_word' id='word_1_105' title='bbox 997 419 1061 452; x_wconf 88' lang='lat' dir='ltr'>Per</span> <span class='ocrx_word' id='word_1_106' title='bbox 1078 427 1134 450; x_wconf 89' lang='lat' dir='ltr'>vos</span> <span class='ocrx_word' id='word_1_107' title='bbox 1159 422 1401 455; x_wconf 83' lang='lat' dir='ltr'>convertantur,</span> <span class='ocrx_word' id='word_1_108' title='bbox 1425 417 1479 459; x_wconf 86' lang='lat' dir='ltr'>qui</span> <span class='ocrx_word' id='word_1_109' title='bbox 1497 426 1518 450; x_wconf 79' lang='lat' dir='ltr'>a</span> 
     </span>
     <span class='ocr_line' id='line_1_55' title="bbox 1000 466 1510 508; baseline -0.004 -9"><span class='ocrx_word' id='word_1_110' title='bbox 1000 466 1128 500; x_wconf 88' lang='lat' dir='ltr'>Christo</span> <span class='ocrx_word' id='word_1_111' title='bbox 1157 470 1361 498; x_wconf 85' lang='lat' dir='ltr'>secesserunt</span> <span class='ocrx_word' id='word_1_112' title='bbox 1385 466 1510 508; x_wconf 90' lang='lat' dir='ltr'>populi.</span> 
     </span>
    </p>
   </div>
   <div class='ocr_carea' id='block_1_31' title="bbox 996 563 1517 700">
    <p class='ocr_par' dir='ltr' id='par_1_36' title="bbox 996 563 1517 700">
     <span class='ocr_line' id='line_1_56' title="bbox 1000 563 1153 604; baseline -0.013 -7"><span class='ocrx_word' id='word_1_113' title='bbox 1000 563 1153 604; x_wconf 86' lang='lat' dir='ltr'>Caelique</span> 
     </span>
     <span class='ocr_line' id='line_1_57' title="bbox 996 611 1517 653; baseline 0 -10"><span class='ocrx_word' id='word_1_114' title='bbox 996 616 1108 653; x_wconf 88' lang='lat' dir='ltr'>portas</span> <span class='ocrx_word' id='word_1_115' title='bbox 1122 618 1265 645; x_wconf 86' lang='lat' dir='ltr'>reserate</span> <span class='ocrx_word' id='word_1_116' title='bbox 1279 612 1414 650; x_wconf 85' lang='lat' dir='ltr'>cunctis,</span> <span class='ocrx_word' id='word_1_117' title='bbox 1429 611 1483 652; x_wconf 88' lang='lat' dir='ltr'>qni</span> <span class='ocrx_word' id='word_1_118' title='bbox 1497 619 1517 643; x_wconf 83' lang='lat' dir='ltr'>a</span> 
     </span>
     <span class='ocr_line' id='line_1_58' title="bbox 999 659 1423 700; baseline 0.005 -9"><span class='ocrx_word' id='word_1_119' title='bbox 999 659 1090 692; x_wconf 85' lang='lat' dir='ltr'>vobis</span> <span class='ocrx_word' id='word_1_120' title='bbox 1117 664 1228 700; x_wconf 89' lang='lat' dir='ltr'>petunt</span> <span class='ocrx_word' id='word_1_121' title='bbox 1257 660 1423 693; x_wconf 87' lang='lat' dir='ltr'>beneficia.</span> 
     </span>
    </p>
   </div>
   <div class='ocr_carea' id='block_1_32' title="bbox 998 758 1469 982">
    <p class='ocr_par' dir='ltr' id='par_1_37' title="bbox 998 758 1469 837">
     <span class='ocr_line' id='line_1_59' title="bbox 998 758 1469 789; baseline 0 0"><span class='ocrx_word' id='word_1_122' title='bbox 998 758 1035 789; x_wconf 86' lang='lat' dir='ltr'>In</span> <span class='ocrx_word' id='word_1_123' title='bbox 1062 766 1185 788; x_wconf 88' lang='lat' dir='ltr'>omnem</span> <span class='ocrx_word' id='word_1_124' title='bbox 1214 762 1332 788; x_wconf 89' lang='lat' dir='ltr'>terram</span> <span class='ocrx_word' id='word_1_125' title='bbox 1362 764 1469 789; x_wconf 87' lang='lat' dir='ltr'>vester</span> 
     </span>
     <span class='ocr_line' id='line_1_60' title="bbox 1000 805 1128 837; baseline -0.008 0"><span class='ocrx_word' id='word_1_126' title='bbox 1000 805 1128 837; x_wconf 81' lang='lat' dir='ltr'>devenit</span> 
     </span>
    </p>

    <p class='ocr_par' dir='ltr' id='par_1_38' title="bbox 999 852 1288 892">
     <span class='ocr_line' id='line_1_61' title="bbox 999 852 1288 892; baseline -0.007 -6"><span class='ocrx_word' id='word_1_127' title='bbox 999 862 1106 892; x_wconf 82' lang='lat' dir='ltr'>sonus,</span> <span class='ocrx_word' id='word_1_128' title='bbox 1134 858 1164 884; x_wconf 87' lang='lat' dir='ltr'>et</span> <span class='ocrx_word' id='word_1_129' title='bbox 1191 852 1288 885; x_wconf 85' lang='lat' dir='ltr'>verba</span> 
     </span>
    </p>

    <p class='ocr_par' dir='ltr' id='par_1_39' title="bbox 999 902 1346 982">
     <span class='ocr_line' id='line_1_62' title="bbox 999 902 1346 934; baseline -0.003 0"><span class='ocrx_word' id='word_1_130' title='bbox 999 906 1151 934; x_wconf 80' lang='lat' dir='ltr'>resonant</span> <span class='ocrx_word' id='word_1_131' title='bbox 1175 902 1209 933; x_wconf 90' lang='lat' dir='ltr'>in</span> <span class='ocrx_word' id='word_1_132' title='bbox 1234 902 1346 933; x_wconf 87' lang='lat' dir='ltr'>mundi</span> 
     </span>
     <span class='ocr_line' id='line_1_63' title="bbox 999 949 1126 982; baseline 0 0"><span class='ocrx_word' id='word_1_133' title='bbox 999 949 1126 982; x_wconf 88' lang='lat' dir='ltr'>finibus.</span> 
     </span>
    </p>
   </div>
   <div class='ocr_carea' id='block_1_33' title="bbox 997 1047 1423 1223">
    <p class='ocr_par' dir='ltr' id='par_1_40' title="bbox 999 1047 1305 1085">
     <span class='ocr_line' id='line_1_64' title="bbox 999 1047 1305 1085; baseline -0.007 -6"><span class='ocrx_word' id='word_1_134' title='bbox 999 1048 1101 1079; x_wconf 88' lang='lat' dir='ltr'>Immo</span> <span class='ocrx_word' id='word_1_135' title='bbox 1128 1047 1305 1085; x_wconf 84' lang='lat' dir='ltr'>gaudentes</span> 
     </span>
    </p>

    <p class='ocr_par' dir='ltr' id='par_1_41' title="bbox 997 1094 1423 1223">
     <span class='ocr_line' id='line_1_65' title="bbox 997 1094 1423 1135; baseline 0.002 -9"><span class='ocrx_word' id='word_1_136' title='bbox 997 1104 1058 1135; x_wconf 90' lang='lat' dir='ltr'>pro</span> <span class='ocrx_word' id='word_1_137' title='bbox 1085 1094 1213 1126; x_wconf 85' lang='lat' dir='ltr'>Christo</span> <span class='ocrx_word' id='word_1_138' title='bbox 1238 1095 1306 1135; x_wconf 88' lang='lat' dir='ltr'>pati</span> <span class='ocrx_word' id='word_1_139' title='bbox 1335 1095 1423 1134; x_wconf 87' lang='lat' dir='ltr'>digni</span> 
     </span>
     <span class='ocr_line' id='line_1_66' title="bbox 1000 1143 1268 1183; baseline 0.007 -11"><span class='ocrx_word' id='word_1_140' title='bbox 1000 1143 1135 1183; x_wconf 82' lang='lat' dir='ltr'>pergitis</span> <span class='ocrx_word' id='word_1_141' title='bbox 1161 1152 1268 1174; x_wconf 88' lang='lat' dir='ltr'>coram</span> 
     </span>
     <span class='ocr_line' id='line_1_67' title="bbox 998 1190 1170 1223; baseline 0.006 -1"><span class='ocrx_word' id='word_1_142' title='bbox 998 1190 1170 1223; x_wconf 80' lang='lat' dir='ltr'>iudicibus,</span> 
     </span>
    </p>
   </div>
   <div class='ocr_carea' id='block_1_34' title="bbox 996 1287 1429 1424">
    <p class='ocr_par' dir='ltr' id='par_1_42' title="bbox 996 1287 1429 1424">
     <span class='ocr_line' id='line_1_68' title="bbox 996 1287 1149 1318; baseline -0.007 0"><span class='ocrx_word' id='word_1_143' title='bbox 996 1287 1038 1318; x_wconf 90' lang='lat' dir='ltr'>Et</span> <span class='ocrx_word' id='word_1_144' title='bbox 1066 1287 1149 1317; x_wconf 80' lang='lat' dir='ltr'>viam</span> 
     </span>
     <span class='ocr_line' id='line_1_69' title="bbox 997 1336 1429 1376; baseline 0.007 -11"><span class='ocrx_word' id='word_1_145' title='bbox 997 1343 1057 1374; x_wconf 88' lang='lat' dir='ltr'>per</span> <span class='ocrx_word' id='word_1_146' title='bbox 1082 1339 1185 1366; x_wconf 85' lang='lat' dir='ltr'>artam</span> <span class='ocrx_word' id='word_1_147' title='bbox 1211 1336 1317 1375; x_wconf 85' lang='lat' dir='ltr'>ipsum</span> <span class='ocrx_word' id='word_1_148' title='bbox 1339 1337 1429 1376; x_wconf 88' lang='lat' dir='ltr'>sequi</span> 
     </span>
     <span class='ocr_line' id='line_1_70' title="bbox 999 1383 1191 1424; baseline 0.005 -11"><span class='ocrx_word' id='word_1_149' title='bbox 999 1383 1191 1424; x_wconf 85' lang='lat' dir='ltr'>gloriamini.</span> 
     </span>
    </p>
   </div>
   <div class='ocr_carea' id='block_1_35' title="bbox 995 1479 1306 1658">
    <p class='ocr_par' dir='ltr' id='par_1_43' title="bbox 995 1479 1306 1658">
     <span class='ocr_line' id='line_1_71' title="bbox 995 1479 1245 1512; baseline 0.004 -1"><span class='ocrx_word' id='word_1_150' title='bbox 995 1479 1108 1511; x_wconf 90' lang='lat' dir='ltr'>Totins</span> <span class='ocrx_word' id='word_1_151' title='bbox 1134 1481 1245 1512; x_wconf 88' lang='lat' dir='ltr'>mundi</span> 
     </span>
     <span class='ocr_line' id='line_1_72' title="bbox 997 1527 1184 1560; baseline -0.005 0"><span class='ocrx_word' id='word_1_152' title='bbox 997 1527 1039 1560; x_wconf 87' lang='lat' dir='ltr'>ad</span> <span class='ocrx_word' id='word_1_153' title='bbox 1064 1527 1184 1560; x_wconf 85' lang='lat' dir='ltr'>Christi</span> 
     </span>
     <span class='ocr_line' id='line_1_73' title="bbox 999 1575 1306 1609; baseline 0.003 -2"><span class='ocrx_word' id='word_1_154' title='bbox 999 1575 1118 1608; x_wconf 82' lang='lat' dir='ltr'>cultum</span> <span class='ocrx_word' id='word_1_155' title='bbox 1146 1586 1202 1608; x_wconf 79' lang='lat' dir='ltr'>vos</span> <span class='ocrx_word' id='word_1_156' title='bbox 1227 1577 1306 1609; x_wconf 88' lang='lat' dir='ltr'>adu-</span> 
     </span>
     <span class='ocr_line' id='line_1_74' title="bbox 999 1624 1297 1658; baseline 0.007 -2"><span class='ocrx_word' id='word_1_157' title='bbox 999 1624 1101 1656; x_wconf 87' lang='lat' dir='ltr'>nastis</span> <span class='ocrx_word' id='word_1_158' title='bbox 1127 1625 1297 1658; x_wconf 62' lang='lat' dir='ltr'>idolatras</span> 
     </span>
    </p>
   </div>
   <div class='ocr_carea' id='block_1_36' title="bbox 996 1721 1514 1858">
    <p class='ocr_par' dir='ltr' id='par_1_44' title="bbox 996 1721 1514 1858">
     <span class='ocr_line' id='line_1_75' title="bbox 996 1721 1103 1752; baseline -0.009 0"><span class='ocrx_word' id='word_1_159' title='bbox 996 1721 1103 1752; x_wconf 84' lang='lat' dir='ltr'>Amici</span> 
     </span>
     <span class='ocr_line' id='line_1_76' title="bbox 998 1769 1514 1809; baseline 0.002 -8"><span class='ocrx_word' id='word_1_160' title='bbox 998 1769 1070 1809; x_wconf 90' lang='lat' dir='ltr'>Dei,</span> <span class='ocrx_word' id='word_1_161' title='bbox 1098 1779 1155 1801; x_wconf 91' lang='lat' dir='ltr'>nos</span> <span class='ocrx_word' id='word_1_162' title='bbox 1177 1770 1239 1802; x_wconf 89' lang='lat' dir='ltr'>sibi</span> <span class='ocrx_word' id='word_1_163' title='bbox 1257 1770 1377 1802; x_wconf 88' lang='lat' dir='ltr'>amicos</span> <span class='ocrx_word' id='word_1_164' title='bbox 1397 1771 1514 1804; x_wconf 88' lang='lat' dir='ltr'>vestris</span> 
     </span>
     <span class='ocr_line' id='line_1_77' title="bbox 1004 1817 1379 1858; baseline 0.005 -9"><span class='ocrx_word' id='word_1_165' title='bbox 1004 1817 1155 1858; x_wconf 89' lang='lat' dir='ltr'>precibus</span> <span class='ocrx_word' id='word_1_166' title='bbox 1182 1818 1379 1852; x_wconf 87' lang='lat' dir='ltr'>constituite.</span> 
     </span>
    </p>
   </div>
   <div class='ocr_carea' id='block_1_37' title="bbox 998 1962 1440 2200">
    <p class='ocr_par' dir='ltr' id='par_1_45' title="bbox 998 1962 1126 1995">
     <span class='ocr_line' id='line_1_78' title="bbox 998 1962 1126 1995; baseline -0.008 0"><span class='ocrx_word' id='word_1_167' title='bbox 998 1962 1126 1995; x_wconf 85' lang='lat' dir='ltr'>Iudices</span> 
     </span>
    </p>

    <p class='ocr_par' dir='ltr' id='par_1_46' title="bbox 998 2012 1417 2095">
     <span class='ocr_line' id='line_1_79' title="bbox 998 2012 1417 2051; baseline 0.01 -9"><span class='ocrx_word' id='word_1_168' title='bbox 998 2012 1128 2051; x_wconf 79' lang='lat' dir='ltr'>saeculi,</span> <span class='ocrx_word' id='word_1_169' title='bbox 1155 2013 1187 2044; x_wconf 89' lang='lat' dir='ltr'>in</span> <span class='ocrx_word' id='word_1_170' title='bbox 1215 2013 1278 2044; x_wconf 91' lang='lat' dir='ltr'>fine</span> <span class='ocrx_word' id='word_1_171' title='bbox 1306 2014 1417 2046; x_wconf 89' lang='lat' dir='ltr'>mundi</span> 
     </span>
     <span class='ocr_line' id='line_1_80' title="bbox 998 2060 1305 2095; baseline 0.007 -4"><span class='ocrx_word' id='word_1_172' title='bbox 998 2060 1083 2092; x_wconf 91' lang='lat' dir='ltr'>inter</span> <span class='ocrx_word' id='word_1_173' title='bbox 1108 2070 1186 2094; x_wconf 90' lang='lat' dir='ltr'>oves</span> <span class='ocrx_word' id='word_1_174' title='bbox 1212 2062 1305 2095; x_wconf 91' lang='lat' dir='ltr'>nobis</span> 
     </span>
    </p>

    <p class='ocr_par' dir='ltr' id='par_1_47' title="bbox 999 2109 1440 2200">
     <span class='ocr_line' id='line_1_81' title="bbox 999 2109 1384 2149; baseline 0.008 -9"><span class='ocrx_word' id='word_1_175' title='bbox 999 2109 1103 2141; x_wconf 88' lang='lat' dir='ltr'>locum</span> <span class='ocrx_word' id='word_1_176' title='bbox 1131 2111 1315 2149; x_wconf 81' lang='lat' dir='ltr'>praestetis,</span> <span class='ocrx_word' id='word_1_177' title='bbox 1343 2120 1384 2143; x_wconf 90' lang='lat' dir='ltr'>ne</span> 
     </span>
     <span class='ocr_line' id='line_1_82' title="bbox 1003 2158 1440 2200; baseline 0.007 -11"><span class='ocrx_word' id='word_1_178' title='bbox 1003 2158 1195 2190; x_wconf 83' lang='lat' dir='ltr'>damnemur</span> <span class='ocrx_word' id='word_1_179' title='bbox 1221 2168 1291 2191; x_wconf 88' lang='lat' dir='ltr'>cum</span> <span class='ocrx_word' id='word_1_180' title='bbox 1319 2160 1440 2200; x_wconf 85' lang='lat' dir='ltr'>impiis,</span> 
     </span>
    </p>
   </div>
   <div class='ocr_carea' id='block_1_38' title="bbox 704 2303 1064 2342">
    <p class='ocr_par' dir='ltr' id='par_1_48' title="bbox 704 2303 1064 2342">
     <span class='ocr_line' id='line_1_83' title="bbox 704 2303 1064 2342; baseline 0.006 -10"><span class='ocrx_word' id='word_1_181' title='bbox 704 2309 872 2342; x_wconf 87' lang='lat' dir='ltr'>regnemus</span> <span class='ocrx_word' id='word_1_182' title='bbox 898 2303 930 2334; x_wconf 92' lang='lat' dir='ltr'>in</span> <span class='ocrx_word' id='word_1_183' title='bbox 957 2303 1064 2335; x_wconf 88' lang='lat' dir='ltr'>caelis.</span> 
     </span>
    </p>
   </div>
   <div class='ocr_carea' id='block_1_39' title="bbox 270 2402 1522 2443">
    <p class='ocr_par' dir='ltr' id='par_1_49' title="bbox 270 2402 1522 2443">
     <span class='ocr_line' id='line_1_84' title="bbox 270 2402 1522 2443; baseline 0.013 -16"><span class='ocrx_word' id='word_1_184' title='bbox 270 2402 409 2437; x_wconf 79' lang='lat' dir='ltr'>Sequent.</span> <span class='ocrx_word' id='word_1_185' title='bbox 434 2412 487 2429; x_wconf 88' lang='lat' dir='ltr'>ms.</span> <span class='ocrx_word' id='word_1_186' title='bbox 510 2404 673 2432; x_wconf 85' lang='lat' dir='ltr'>Praedicat.</span> <span class='ocrx_word' id='word_1_187' title='bbox 697 2415 719 2433; x_wconf 79' lang='lat' dir='ltr'>S.</span> <span class='ocrx_word' id='word_1_188' title='bbox 734 2407 863 2443; x_wconf 83' lang='lat' dir='ltr'>Spiritus</span> <span class='ocrx_word' id='word_1_189' title='bbox 877 2407 913 2435; x_wconf 89' lang='lat' dir='ltr'>de</span> <span class='ocrx_word' id='word_1_190' title='bbox 930 2407 1027 2439; x_wconf 76' lang='lat' dir='ltr'>Senis,</span> <span class='ocrx_word' id='word_1_191' title='bbox 1048 2409 1118 2435; x_wconf 86' lang='lat' dir='ltr'>anni</span> <span class='ocrx_word' id='word_1_192' title='bbox 1143 2408 1224 2437; x_wconf 88' lang='lat'>1561.</span> <span class='ocrx_word' id='word_1_193' title='bbox 1247 2411 1317 2439; x_wconf 87' lang='lat' dir='ltr'>Cod.</span> <span class='ocrx_word' id='word_1_194' title='bbox 1342 2412 1522 2443; x_wconf 71' lang='lat' dir='ltr'>Casanaten.</span> 
     </span>
    </p>
   </div>
   <div class='ocr_carea' id='block_1_40' title="bbox 187 2441 1518 2482">
    <p class='ocr_par' dir='ltr' id='par_1_50' title="bbox 187 2441 1518 2482">
     <span class='ocr_line' id='line_1_85' title="bbox 187 2441 1518 2482; baseline 0.014 -18"><span class='ocrx_word' id='word_1_195' title='bbox 187 2447 210 2465; x_wconf 87' lang='lat' dir='ltr'>s.</span> <span class='ocrx_word' id='word_1_196' title='bbox 229 2448 255 2465; x_wconf 88' lang='lat' dir='ltr'>u.</span> <span class='ocrx_word' id='word_1_197' title='bbox 291 2441 345 2468; x_wconf 81' lang='lat' dir='ltr'>Mit</span> <span class='ocrx_word' id='word_1_198' title='bbox 367 2441 510 2470; x_wconf 82' lang='lat' dir='ltr'>Melodie:</span> <span class='ocrx_word' id='word_1_199' title='bbox 533 2444 763 2473; x_wconf 79' lang='lat' dir='ltr'>Occidentan</span> <span class='ocrx_word' id='word_1_200' title='bbox 774 2455 800 2473; x_wconf 90' lang='lat' dir='ltr'>a.</span> <span class='ocrx_word' id='word_1_201' title='bbox 822 2461 859 2464; x_wconf 97' lang='lat'><strong>—</strong></span> <span class='ocrx_word' id='word_1_202' title='bbox 879 2447 1032 2474; x_wconf 81' lang='lat' dir='ltr'>Abschrift</span> <span class='ocrx_word' id='word_1_203' title='bbox 1051 2455 1120 2473; x_wconf 87' lang='lat' dir='ltr'>vom</span> <span class='ocrx_word' id='word_1_204' title='bbox 1141 2449 1211 2476; x_wconf 83' lang='lat' dir='ltr'>Rev.</span> <span class='ocrx_word' id='word_1_205' title='bbox 1235 2449 1274 2477; x_wconf 88' lang='grc' dir='ltr'>Η.</span> <span class='ocrx_word' id='word_1_206' title='bbox 1291 2450 1331 2477; x_wconf 89' lang='grc' dir='ltr'>Μ.</span> <span class='ocrx_word' id='word_1_207' title='bbox 1346 2453 1518 2482; x_wconf 76' lang='lat' dir='ltr'>Bannister.</span> 
     </span>
    </p>
   </div>
  </div>
 </body>
</html>
