1654 2756
667 126 932 163 -146—

1150 60 1215 71 Ὗ*
1509 65 1535 72 ⁴,

1336 117 1372 124 ηα-
1406 122 1418 127 ,
1477 115 1519 129 ’,ἃ

584 243 648 275 154.
681 243 723 274 De
745 241 858 273 sancta
878 240 1018 280 Agatha.

139 328 198 363 la.
236 327 366 360 Christo
393 328 506 360 laudes
533 326 738 359 concinamus

237 376 316 416 Nos,
343 377 397 416 qui
424 380 555 408 sanctae
573 373 774 407 celebramus

281 425 431 464 Agathae
456 424 635 456 sollemnia.

136 512 195 543 2³.
235 509 372 542 Florens
398 510 512 542 hortus
539 509 709 542 honestate

233 558 273 590 Et
301 558 459 590 sermonis
484 562 652 589 venustate

282 607 408 639 Placuit
433 605 637 646 hominibus;

136 694 198 728 32.
234 693 337 725 Huius
362 692 449 725 fama
475 692 643 724 redolebat

232 741 275 773 Et
302 742 332 772 in
362 741 486 773 cunctis
512 739 701 772 recurrebat

283 790 491 820 Saeculorum
518 787 648 819 finibus.

136 876 196 907 4a.
235 875 328 906 lllam
355 874 445 906 iubet
471 874 685 914 praesentari,

233 923 275 955 Ut
304 923 442 954 diversis
470 922 684 954 consummari

280 972 387 1004 Possit
415 969 623 1003 cruciatibus,

136 1061 196 1090 5a.
235 1057 328 1090 Illam
355 1066 431 1097 ergo
459 1056 678 1089 deludendam

232 1106 274 1137 Et
301 1115 319 1137 a
348 1114 424 1136 vero
452 1104 677 1137 dimovendam

281 1154 398 1184 Tradit
424 1152 662 1192 Aphrodisiae3

137 1240 199 1271 63.
238 1239 318 1270 Eius
345 1238 464 1278 quippe
491 1245 580 1268 mens
607 1236 744 1268 fundata

237 1287 278 1318 Et
305 1287 337 1316 in
366 1285 496 1317 Christo
524 1285 663 1316 solidata

283 1333 403 1366 Verbis
429 1333 532 1364 nescit
559 1332 686 1364 cedere.

142 1421 200 1452 Ta.
236 1420 274 1451 In
302 1422 425 1451 catasta
451 1418 649 1459 sublevatur,

237 1467 279 1499 Et
307 1467 450 1498 mamilla
476 1468 638 1498 cruciatur

286 1515 497 1556 Amputanda
524 1515 663 1554 penitus

145 1602 205 1635 83.
242 1603 355 1634 'festas
381 1605 478 1641 atque
504 1611 623 1641 prunas
651 1601 721 1633 dari

240 1651 331 1681 lubet
359 1651 479 1690 statim,
508 1649 646 1680 volutari

238 1698 344 1738 Super
369 1699 458 1738 istas,
488 1698 562 1728 hinc
589 1696 725 1728 cremari

287 1746 383 1777 Nuda
410 1754 506 1777 carne
532 1745 701 1785 virginem.

139 1836 203 1865 Sa.
241 1833 450 1865 Gratulantes
477 1836 551 1862 tuae
576 1831 676 1869 laudi,

243 1882 338 1921 Virgo
369 1885 492 1915 saneta.
521 1889 578 1912 nos
604 1879 721 1912 exaudi

286 1930 330 1961 Et
356 1930 389 1960 in
416 1929 510 1960 malis
537 1927 728 1960 constitutos

288 1978 391 2010 Huius
419 1976 504 2008 vitae
530 1976 632 2008 redde
658 1980 744 2007 tutos

334 2026 398 2057 Per
422 2029 478 2057 tua
503 2023 666 2064 suffragia.

846 322 905 357 lb.
935 321 1034 361 Virgo
1060 319 1149 352 clara
1175 317 1281 357 stirpe
1306 318 1393 353 nata,

931 369 1058 402 Mundo
1082 368 1226 408 placens,
1254 366 1324 398 Deo
1351 367 1443 406 grata

983 419 1046 451 Per
1072 425 1195 448 morum
1222 413 1373 455 insignia.

844 506 905 540 2b.
932 505 997 537 Sed
1023 503 1096 544 plus
1115 502 1245 535 Christo
1272 500 1477 541 complacere

932 555 1040 593 Atque
1067 551 1160 583 bonis
1187 548 1394 591 praepollere

984 601 1115 633 Studuit
1141 598 1307 640 operibus.

845 689 906 723 ab.
931 687 1134 728 Quintianus,
1165 695 1278 718 servus
1305 683 1473 724 pecuniae,

933 736 1034 768 Totus
1061 735 1197 767 studens
1223 732 1441 769 idololatriae,

984 783 1058 816 Suis
1085 781 1304 815 tribunalibus

845 871 908 905 4b.
936 870 1031 902 Hanc
1057 872 1194 902 conatur
1217 867 1395 908 inflectere,

935 919 1052 950 Tentat
1079 926 1205 958 quoque
1232 917 1391 948 seducere

984 967 1128 999 Mentem
1156 965 1249 998 malis
1275 963 1413 997 artibus.

845 1056 905 1088 51).
934 1053 1152 1086 Christianam
1179 1052 1344 1091 abnegare

934 1102 1003 1133 Nec
1030 1101 1189 1133 consentit
1214 1101 1336 1131 violare

982 1150 1058 1180 Iura
1084 1147 1275 1188 pudicitiae.

845 1236 905 1269 ssb.
933 1235 1024 1266 Tunc
1050 1233 1182 1265 immitis
1207 1233 1410 1272 Quintianus,

935 1283 1031 1314 Velut
1056 1281 1125 1313 fera
1152 1281 1345 1313 inhumanus

983 1330 1103 1362 Educit
1130 1338 1147 1360 e
1175 1338 1316 1362 carcerc.

848 1419 906 1450 7b.
934 1417 998 1450 Sed
1022 1420 1149 1456 perstat
1175 1417 1350 1448 immobilis

936 1465 1049 1498 Puella
1074 1465 1284 1506 praenobilis„

984 1513 1149 1546 Robornta
1177 1513 1322 1545 caelitus.

847 1600 907 1634 812.
937 1602 962 1634 O
988 1609 1082 1640 quam
1111 1600 1181 1632 dire
1205 1600 1379 1639 cruciatur,

938 1649 1020 1681 Dum
1049 1650 1124 1680 hinc
1149 1649 1242 1679 testis
1269 1649 1421 1681 laniatur.

937 1697 1018 1728 Inde
1044 1697 1180 1728 flammis
1208 1697 1370 1729 ustulatur

988 1745 1079 1778 Pium
1103 1753 1259 1785 spargens
1279 1746 1478 1786 sanguinem.

850 1831 909 1865 912.
937 1833 997 1872 Tu,
1025 1841 1105 1872 quae
1131 1832 1276 1864 flammas
1303 1839 1478 1866 exarantes

937 1883 1063 1913 Aetnae
1088 1881 1204 1912 montis
1232 1886 1262 1913 et
1289 1886 1461 1922 crepantes

983 1928 1104 1961 Globos
1131 1929 1214 1970 ignis
1242 1931 1438 1970 repressisti,

984 1978 1049 2009 Fae
1074 1986 1132 2009 uos
1159 1987 1266 2010 eoram
1294 1978 1364 2011 Deo
1392 1980 1464 2012 sisti

1033 2026 1107 2058 Post
1133 2026 1245 2058 mundi
1272 2027 1453 2069 naufragia.

219 2114 357 2148 Sequent.
374 2121 427 2138 ms·
439 2112 666 2139 Ravennatense
681 2111 753 2137 anni
771 2108 929 2138 1585—87.
962 2112 1032 2140 Cod.
1044 2113 1176 2141 Classen.
1188 2111 1245 2142 360
1256 2113 1332 2145 (139.
1345 2115 1373 2144 5.
1388 2116 1428 2149 S).
1440 2130 1479 2135 —

138 2151 191 2185 4b,
215 2149 232 2177 2
252 2153 362 2178 Tentat
383 2154 410 2178 et
433 2159 454 2176 S.
477 2164 513 2168 -
535 2149 665 2177 Melodie
687 2147 830 2176 offenbar:
853 2150 996 2178 Laudes
1017 2154 1152 2183 crucis:
1176 2153 1248 2180 aber
1270 2154 1404 2190 gekiirzt.

596 2260 659 2292 155.
692 2259 733 2290 De
755 2261 868 2291 sancta
889 2261 1025 2299 Agatha.

143 2347 202 2379 la.
243 2346 456 2385 Propugnans
480 2343 514 2375 in
540 2342 655 2385 stadio,

241 2392 382 2434 Agatha,
410 2400 481 2424 cum
508 2391 628 2432 gaudio

291 2441 453 2473 Mammas
481 2441 539 2473 das
557 2448 618 2481 pro
636 2438 782 2479 superis;

853 2341 911 2374 lb.
940 2342 1048 2375 Fortis
1075 2345 1148 2387 plus
1174 2356 1270 2387 quam
1296 2347 1428 2393 femina,

941 2391 1052 2433 Virgo,
1080 2394 1181 2427 vincis
1207 2396 1338 2437 agmina

987 2440 1213 2476 Ministrorum
1241 2445 1386 2477 sceleris,
