1654 2756
697 115 959 152 -182—

158 219 217 251 83.
254 218 309 252 Sic
335 217 472 258 castigat
496 214 698 258 corrigendo,
857 211 919 246 8b.
953 211 1006 244 Sic
1031 210 1181 243 medetur
1205 206 1391 260 flagellatise

254 266 308 299 Sic
334 264 478 306 flagellat
505 263 670 304 diligendo
950 260 1004 293 Sic
1030 258 1087 292 dat
1113 257 1231 290 donum
1258 255 1410 289 sanitatls

302 335 733 347 ........
998 308 1078 341 Post
1102 306 1196 339 illata
1219 304 1369 338 verbera.

157 402 217 434 9a.
251 401 348 433 Miles
372 399 434 432 iste
854 395 918 430 9b.
951 396 1023 428 Hoc
1049 398 1162 428 orante

252 449 348 488 Tum,
378 447 517 488 Christe,
949 445 996 477 Te
1019 444 1160 476 donante

300 497 368 529 Iam
394 504 533 536 regnans
558 495 591 526 in
616 494 724 535 patria
997 491 1065 524 Nos
1091 492 1124 523 in
1151 491 1233 524 caeli
1259 489 1350 522 curia

253 545 320 577 Nos
347 545 482 576 reducat
950 541 1150 574 Coronomur

250 593 294 625 Et
320 593 479 633 perducat
948 590 991 622 Et
1018 597 1171 621 ornemur

300 641 354 673 Ad
381 641 499 673 amissa
525 639 653 680 gaudia.
997 636 1178 670 Immortali
1202 635 1316 678 gloria.

231 716 347 744 Prosar.
377 726 429 744 ms.
452 716 679 744 Marchianense
708 723 783 742 saec.
814 713 857 742 15.
882 713 952 741 Cod.
974 715 1107 742 Duaeen.
1138 711 1202 741 123.
1226 727 1259 731 —
1294 712 1354 744 lb,
1382 709 1395 737 l
1420 711 1493 738 Cum

156 755 305 783 thesauro.
336 770 362 773 —
390 755 406 782 5
416 756 443 787 b,
464 752 481 781 2
503 755 600 790 inquit
620 754 726 788 frangi.
751 769 785 773 —
810 750 862 786 Ga,
887 751 904 779 2
925 752 1014 780 deflet
1035 752 1077 781 ibi
1099 752 1223 788 plangit.

571 849 633 879 194.
667 847 709 878 De
731 856 755 878 s.
782 846 915 886 Brigida
935 846 1083 886 Virgine.

156 932 215 964 la.
251 929 419 963 Gloriosae
853 929 870 961 1
886 927 916 960 b.
953 928 1152 960 venerantes

249 977 402 1017 Brigidae
429 978 537 1009 votiva
566 975 648 1009 festa
949 976 1044 1008 Hanc
1065 975 1149 1008 diem
1163 973 1368 1016 praeclaram
1382 981 1493 1006 omnes

297 1026 500 1065 Recolamus‚
999 1024 1220 1056 concinamus.

154 1113 213 1145 2a.
249 1113 428 1152 Concrepet
453 1112 613 1152 organicis
854 1110 917 1143 2b.
956 1109 1107 1143 Proferat
1133 1110 1214 1143 haec
1240 1109 1347 1142 contio

250 1159 392 1192 Modulis
417 1164 449 1191 et
472 1160 606 1192 canticis
949 1159 1105 1197 Laudem,
1134 1162 1166 1190 et
1193 1159 1322 1190 devotio

298 1208 398 1247 Haec,
426 1207 573 1248 Brigida,
999 1207 1047 1239 Sit
1075 1208 1213 1239 sincera.

159 1296 218 1327 321.
255 1294 349 1325 Hanc
376 1292 476 1325 fuisse
502 1293 601 1325 filiam
853 1292 916 1327 3b.
952 1293 1057 1326 Annis
1082 1292 1262 1333 puerilibus

250 1341 410 1381 Dupthati
435 1341 526 1373 ducis
552 1342 679 1373 unicam
950 1341 1056 1382 Signis
1083 1345 1115 1373 et
1141 1341 1300 1381 prodigiis

298 1389 444 1422 Tradunt
473 1390 614 1430 scripta3
995 1390 1072 1422 Fuit
1100 1390 1199 1422 clara.

155 1479 217 1509 4³.
244 1476 323 1516 Quia
351 1485 409 1508 nee
435 1475 589 1516 obsequia
853 1476 917 1509 4b.
954 1476 1184 1520 Pertinehant3
1211 1476 1311 1518 igitur

250 1524 518 1556 Praetermittens
545 1524 662 1566 aliqua,
949 1525 1062 1557 Cultus
1088 1534 1189 1557 vanos
1216 1526 1340 1566 respuit

298 1573 384 1612 Quae
411 1572 453 1604 ad
481 1572 645 1604 Christum
996 1573 1165 1606 Venerari.

155 1663 216 1693 53.
250 1659 335 1691 Huic
362 1661 494 1691 sanctae
520 1659 675 1700 Brigidae
853 1658 917 1694 5b.
949 1660 1056 1693 Patris
1083 1664 1179 1700 atque
1205 1661 1265 1693 filii

249 1707 361 1739 Voluit
387 1706 530 1738 tribuere
948 1708 1057 1740 Sancti
1085 1718 1212 1750 quoque
1234 1711 1370 1749 spiritus

252 1754 400 1787 Chiistus
427 1759 549 1786 tantam
575 1754 723 1797 gratiam,
947 1756 1082 1789 Morbos
1118 1762 1250 1790 cunctos
1276 1768 1337 1799 que
1363 1759 1489 1800 lepram

298 1802 341 1835 Ut
367 1803 399 1834 in
424 1803 543 1834 virtute
998 1805 1114 1838 Posset
1139 1815 1265 1839 sanare.

155 1892 215 1923 Ga.
250 1890 315 1922 Ora
341 1899 400 1930 pro
427 1889 558 1930 populo,
852 1891 914 1925 6b.
950 1893 1123 1925 Astantem
1149 1895 1316 1936 populum,

249 1939 389 1970 Precare
414 1947 475 1978 pro
502 1937 597 1980 clero,
948 1941 1151 1974 Laudantem
1180 1948 1212 1975 te
1238 1943 1360 1976 clerum

298 1987 441 2018 Patrona
465 1989 577 2018 nostra
994 1990 1084 2023 Fove
1110 1994 1142 2022 et
1168 2000 1243 2032 rege

347 2044 365 2067 o
391 2034 545 2075 Brigida3
1044 2048 1104 2080 per
1130 2040 1270 2074 saecula.

229 2111 317 2141 Grati.
340 2121 392 2139 ms.
415 2111 445 2140 S.
467 2112 613 2146 Brigittae
633 2110 821 2139 Coloniensis
842 2113 912 2140 anni
937 2112 1020 2142 1507.
1042 2115 1112 2143 Cod.
1136 2115 1165 2145 S.
1187 2117 1312 2145 Martini
1333 2118 1490 2146 Colonien.

155 2151 248 2179 XXV.
270 2165 305 2170 —
328 2148 382 2183 fib,
405 2148 422 2177 3
446 2154 475 2178 et
495 2149 578 2177 fehlt.
597 2164 634 2168 —
658 2149 801 2177 Melodie:
842 2151 1123 2181 Laetabundus‚

580 2239 641 2272 195.
672 2239 715 2272 De
735 2242 844 2272 saneto
865 2240 1069 2282 Brinnolpho.

156 2325 171 2355 1
187 2331 214 2356 a.
250 2323 368 2355 Pastor
393 2321 488 2364 bone,
513 2322 589 2355 Iesu
615 2321 757 2363 Chrile,
851 2321 913 2356 lb.
947 2323 1009 2364 Qui
1033 2324 1270 2366 Brinnolphum
1301 2328 1483 2363 sublimasti

248 2372 295 2404 Te
322 2370 444 2404 exaltat
471 2370 588 2403 chorus
613 2371 675 2403 iste
945 2371 990 2403 Et
1016 2381 1087 2405 cum
1113 2375 1234 2406 sanctis
1260 2377 1427 2412 collocasti

296 2419 374 2452 Cum
401 2419 528 2460 hymnis
555 2423 587 2452 et
609 2419 771 2461 laudibus,
995 2420 1033 2453 In
1060 2421 1197 2455 excelsis
1226 2425 1371 2460 sedibus,
