1654 2756
729 154 991 188 -244—

201 258 260 291 3a.
293 258 377 290 Dum
404 255 576 297 torqueris,
892 251 955 286 3b.
987 253 1111 284 Assunt
1136 247 1197 280 tibi

295 306 409 338 intima
434 303 552 344 gaudia
987 300 1115 342 agmina
1140 297 1273 338 caelica,

296 359 327 386 te
355 351 539 386 confortant
988 357 1070 390 quae
1096 345 1248 379 fruuntur

296 403 336 434 de
363 400 452 437 caelo
479 399 594 431 missa:
989 398 1082 430 deica
1107 396 1186 434 vita,

199 492 260 522 4a.
293 489 330 521 In
355 489 428 529 igne
454 491 486 518 te
512 487 666 528 rorantia,
891 484 954 519 4b.
986 485 1024 517 In
1050 483 1149 516 corde
1175 479 1386 514 consolantia.

198 578 258 609 5a.
289 575 361 613 Eia,
388 582 483 615 nune,
891 571 953 606 5b,
987 572 1031 605 Ut
1058 575 1163 602 tecum

295 627 407 655 sancte
430 626 566 662 martyr,
593 620 718 653 familia
986 620 1088 661 possit
1115 617 1220 658 epulis
1245 613 1422 658 splendida

294 676 349 703 tua
375 675 406 702 te
433 674 523 710 rogat
551 670 678 708 devota,
988 668 1089 700 cibari
1116 666 1202 707 regis
1228 665 1261 697 in
1288 672 1410 696 mensa.

199 760 258 791 fia.
290 757 407 789 Dulcia
432 756 566 788 multum
592 756 650 788 illa
890 755 953 790 6b.
986 755 1113 788 Satiant
1138 752 1239 784 corda
1263 750 1384 782 munda

293 804 433 846 prandia
461 804 625 846 sponsalia
985 803 1088 844 gloria
1114 800 1323 840 sempiterna.

199 893 259 925 7a.
292 893 374 931 Illic,
403 890 542 929 Christe,
891 889 951 922 Tb,
984 889 1034 921 Ibi
1060 887 1138 920 laeti

293 944 403 972 nostra
429 939 524 978 iunge
549 938 736 980 sollemnia3
984 942 1016 969 te
1042 937 1208 969 videamus
1235 935 1268 966 in
1294 934 1380 973 aula,

600 1026 660 1057 8a.
688 1026 757 1065 Qua
783 1025 902 1065 gaudet
928 1024 1121 1057 Laurentius

693 1082 752 1113 per
777 1077 920 1108 aeterna.

270 1160 359 1195 Trop.
380 1167 434 1186 ms.
456 1160 622 1186 Catanense
643 1167 720 1186 saec.
744 1157 788 1186 12.
804 1159 874 1186 Cod.
890 1159 1041 1186 Matriten.
1055 1156 1211 1191 (Collectio
1227 1155 1377 1185 Barbieri)
1397 1163 1420 1180 s.
1442 1161 1470 1181 n.
1485 1167 1523 1170 —

192 1197 242 1228 5b,
269 1197 281 1225 1
297 1198 346 1224 Et.
361 1214 397 1218 —
419 1196 471 1228 51),
493 1196 510 1224 3
532 1198 610 1233 regis
632 1199 785 1225 immensa.
800 1212 837 1216 ’-
850 1197 979 1225 Melodie
994 1195 1258 1224 wahrscheinlich:
1281 1193 1395 1220 Salve
1409 1194 1521 1227 virgo

192 1238 301 1272 regia
321 1236 417 1267 (Anal.
440 1236 548 1270 Hymn.
573 1236 658 1268 VHI,
680 1237 730 1263 Nr.
753 1234 800 1269 76)
819 1238 873 1263 mit
894 1237 1013 1272 einiger]
1034 1233 1284 1270 Abweichungen,
1307 1232 1469 1260 besonders
1492 1231 1523 1257 in

193 1275 250 1302 Str.
272 1274 299 1301 4.
322 1290 358 1293 —
381 1274 437 1302 Csr.
459 1275 681 1303 Mis-thVeale
702 1276 741 1307 11,
764 1284 791 1310 p.
812 1273 878 1302 496.

607 1396 675 1427 269.
717 1397 759 1427 De
781 1398 891 1427 sancto
915 1396 1096 1427 Laurentio.

609 1488 638 1519 1.
666 1486 802 1518 Hostiae
829 1487 994 1518 sollemnis
1022 1487 1106 1518 diem

664 1535 810 1567 recolant
837 1535 1026 1568 Christiani.

189 1622 250 1654 2a.
282 1621 370 1661 Ignis
397 1625 480 1661 111115,
508 1621 675 1664 Laurenti,
885 1621 948 1656 21),
981 1622 1044 1653 Hic
1070 1622 1101 1653 in
1130 1620 1253 1652 hostem
1281 1620 1428 1661 impegit,

285 1669 354 1700 Nos
379 1668 420 1701 ad
446 1669 606 1708 proelium
632 1670 756 1702 Christi
981 1670 1093 1702 Hostis
1120 1668 1206 1700 vires
1232 1668 1395 1710 confregit

284 1717 429 1749 Maestos
456 1716 665 1750 inflammavit
980 1718 1090 1751 Fortis
1117 1717 1222 1749 victor
1247 1721 1321 1749 tuus

333 1769 532 1805 peccatores.
1030 1770 1142 1808 regnat
1169 1766 1273 1799 vivuS.

184 1852 244 1884 3a.
277 1851 338 1883 Dic
364 1851 466 1893 nobis,
495 1852 659 1893 Laurenti,
884 1853 948 1887 3b.
978 1854 1123 1894 Angelus
1149 1856 1199 1884 est
1223 1853 1329 1891 testis,

280 1900 363 1938 Quid
390 1905 423 1931 tu
450 1901 550 1932 sentis
576 1902 754 1934 tormenti?
978 1904 1047 1943 Quo
1072 1901 1194 1934 lenitur
1219 1901 1300 1934 haec
1326 1902 1439 1943 pestis.

279 1948 442 1981 Carbones
468 1948 545 1980 mihi
573 1955 647 1982 sunt
672 1949 768 1983 flores
978 1951 1109 1985 Devicit
1135 1954 1267 1982 sanctus
1293 1951 1453 1992 superbos

279 2000 383 2029 Amor
408 1995 484 2028 facit
885 2026 891 2030 .
978 1999 1101 2032 Statuit
1127 1999 1185 2031 hos

327 2046 417 2077 lenes
446 2046 502 2077 hos
530 2046 669 2081 dolores,
1027 2049 1060 2081 in
1087 2047 1239 2090 planetus
1266 2047 1416 2081 acerbos.

181 2132 244 2164 4a.
279 2132 484 2164 Credendum
521 2137 569 2164 est
595 2133 717 2166 Christi
743 2134 820 2166 testi
881 2135 945 2170 4b.
978 2136 1104 2169 Scimus
1129 2135 1228 2167 istum
1254 2135 1475 2175 triumphasse

329 2181 412 2220 plus,
440 2189 515 2213 vera
543 2182 675 2223 dicenti,
1028 2185 1069 2217 de
1095 2183 1244 2216 hostibus
1267 2192 1356 2215 vere.

280 2228 381 2267 Quam
408 2228 521 2261 turbae
547 2239 668 2270 pravae
978 2233 1030 2265 Tu
1054 2231 1149 2264 nobis
1175 2240 1236 2271 per
1261 2231 1360 2271 hunc,

331 2276 413 2309 falsa
440 2279 593 2310 monenti.
1027 2289 1096 2321 rex,
1124 2279 1290 2312 miserere.

260 2361 398 2397 Sequent.
425 2372 478 2390 ms.
505 2364 734 2394 Ravennatense
769 2365 843 2392 anni
882 2362 1043 2393 1585—87.
1079 2363 1150 2392 Cod.
1185 2363 1321 2391 Classen.
1354 2363 1412 2394 360
1443 2364 1523 2401 (139.

184 2398 210 2426 5.
235 2400 275 2434 S).
300 2401 334 2427 A.
360 2416 396 2421 —
420 2401 505 2429 Miss.
529 2403 700 2432 Parisiense
721 2405 793 2455 ime.
818 2403 946 2431 Parisiis
973 2400 1056 2430 1585.
1080 2403 1115 2430 Β.
1131 2416 1169 2420 -
1196 2400 1222 2434 l,
1242 2399 1260 2428 2
1281 2403 1414 2432 recolent
1433 2406 1470 2433 A.
1485 2421 1524 2424 —

183 2435 234 2470 2a,
259 2437 272 2464 1
295 2439 439 2468 Laurenti
462 2444 530 2469 tuus
551 2442 611 2469 AB.
632 2457 670 2462 ——
691 2441 744 2476 2a,
766 2443 784 2469 ἱ)
807 2443 976 2469 inflammat
996 2441 1030 2468 A.
1051 2455 1089 2459 —
1109 2437 1162 2473 3³,
1184 2438 1202 2467 5
1224 2439 1306 2468 leves
1321 2443 1354 2469 B.
1370 2459 1408 2464 —
1427 2443 1483 2477 4b,
1505 2443 1523 2472 2

182 2475 318 2504 hostibus
340 2479 441 2506 vivere
462 2480 497 2506 A.
518 2495 554 2500 -—
575 2480 705 2509 Melodie
725 2480 892 2509 natiirlich:
914 2480 1104 2508 Victimae
1125 2477 1318 2514 paschali.
