1654 2756
142 228 203 261 4a.

144 460 203 491 52.

142 834 203 866 6a.

145 1388 204 1420 Sa.

145 1621 203 1652 9a.

168 2334 230 2367 la.
261 2333 390 2365 Laudes
416 2332 486 2365 Deo
512 2333 728 2372 concinamus,

235 226 361 265 Quanta
387 226 491 266 gratia

237 275 476 315 omnipotentis,

238 328 390 362 quantum
417 331 492 354 cara
515 321 637 353 caelica

238 369 316 402 facit
342 373 466 402 terrea!

235 458 365 490 Excolit
391 458 478 490 intus
501 457 601 490 corda

237 505 395 546 squalida,

237 555 349 585 sordes
377 558 504 595 purgat,

237 602 400 642 componit
425 607 623 638 ornamenta,

236 651 327 690 ponit
355 650 484 687 lumina,

237 702 312 730 tunc
338 698 424 730 videt

237 747 343 778 anima
369 747 454 779 ultra
481 747 603 780 sidera.

234 832 259 865 O
288 843 380 873 quam
408 834 515 866 suavis

240 881 320 912 visio
345 881 413 917 illa,

237 928 291 960 ubi
319 933 365 961 est
391 939 514 961 summa

238 976 374 1009 refectio
400 982 523 1016 nostra,

238 1026 326 1064 quies
355 1034 429 1057 vera
456 1026 521 1057 suis

239 1080 390 1113 certaque
417 1074 501 1110 vita;

196 1186 201 1192 .
234 1158 323 1190 Nihil
350 1168 425 1198 ergo
450 1160 512 1191 iam
539 1163 682 1201 exoptas,

238 1206 294 1247 nil,
323 1206 490 1245 lohannes,
517 1211 548 1238 te
576 1207 706 1247 fatigat;

240 1254 370 1286 mutasti
396 1255 544 1287 mortalia

239 1303 304 1333 vita
330 1306 434 1341 capta.

238 1387 331 1419 Nunc
353 1398 428 1429 ergo
455 1394 565 1421 sancta
593 1389 720 1428 caritas,

239 1445 301 1475 qua
328 1438 440 1476 plenus
469 1437 536 1469 Deo
565 1436 691 1478 frueris,

240 1490 349 1515 exoret
376 1494 434 1524 pro
461 1484 671 1516 trementibus

238 1532 296 1563 sub
324 1533 491 1565 clementia
520 1533 640 1573 divina,

235 1619 313 1651 Cum
341 1628 402 1660 quo
429 1629 485 1651 nos
510 1620 605 1652 etiam

241 1671 343 1698 tecum
372 1668 530 1706 possimus
557 1668 713 1707 gratulari

239 1724 298 1755 per
324 1714 507 1747 habitacula

240 1763 402 1795 caelestia.

768 125 838 160 232

839 222 904 257 4b.

839 456 901 490 5b.

840 831 902 867 6b.

843 1159 903 1192 712.

841 1389 901 1422 8a.

842 1619 905 1653 9b.

934 223 1019 255 Dum
1045 230 1135 254 mens
1162 220 1301 252 humana

935 272 1019 304 iacet
1044 270 1189 311 indigna,

936 321 1025 352 illam
1050 320 1115 352 cito
1140 318 1245 359 gratia

935 369 1022 401 levat
1048 368 1091 401 ad
1115 371 1214 407 astra,

934 455 1019 488 Hin'c
1042 452 1262 487 transscendit
1288 450 1397 484 omnia

937 508 1046 536 creata

936 551 1193 591 circumscripta,

935 600 1005 642 figit
1030 609 1066 632 se
1090 601 1124 632 in
1149 598 1271 635 divina,

937 648 992 681 ubi
1019 649 1063 680 nil
1088 647 1216 687 transit,

938 697 1062 729 varium

937 745 1028 785 nihil,
1055 744 1225 777 alternitas
1254 742 1353 775 nulla.

933 835 959 865 O
985 840 1080 871 quam
1105 829 1200 862 beata

937 880 1089 913 Iohannis
1116 879 1192 919 vita,

935 937 1017 969 quae
1043 927 1105 959 sibi
1130 930 1221 958 tanta

936 976 1055 1008 meruit
1080 975 1209 1016 gaudia,

938 1024 992 1056 ubi
1019 1033 1104 1055 nunc
1127 1021 1306 1063 congaudet

939 1079 969 1104 et
996 1081 1056 1112 per
1081 1072 1228 1104 saecula!

936 1158 1000 1191 Ubi
1025 1159 1147 1198 gaudes
1173 1166 1243 1189 cum
1272 1156 1367 1189 beata

937 1207 1060 1246 virgine
1087 1205 1217 1244 Christi,
1245 1205 1362 1246 Maria,

937 1263 997 1295 pro
1023 1254 1090 1286 vita
1115 1253 1256 1293 gloriosa

939 1303 1092 1342 virginea.

935 1389 990 1430 Ut,
1019 1388 1073 1427 qui
1100 1387 1140 1419 de
1166 1391 1222 1419 tua
1249 1387 1353 1426 gloria

936 1435 1156 1467 mendicamus
1182 1439 1274 1467 extra
1300 1434 1384 1475 pulsi

936 1484 1057 1523 miseri,
1084 1493 1165 1524 pace
1193 1488 1325 1524 recepta

937 1532 1066 1565 Christo
1092 1532 1281 1564 mundemus
1307 1531 1443 1572 intima;

935 1620 960 1652 O
988 1628 1045 1651 rex
1071 1619 1267 1657 misericors,

934 1678 952 1698 o
978 1666 1292 1705 misericordissime,

934 1720 989 1747 tua
1015 1716 1121 1755 gratia
1148 1724 1206 1746 nos

934 1763 992 1796 tibi
1020 1773 1125 1801 serva,

553 1851 607 1882 10.
636 1850 681 1882 Ut
707 1849 749 1881 ad
775 1850 858 1882 caeli
885 1850 1029 1882 claustra

639 1903 783 1930 nostrum
810 1902 1015 1938 pertranseat

672 1946 825 1979 Alleluia.

220 2023 307 2057 Trop.
331 2031 382 2049 ms.
398 2022 564 2049 catanense
586 2030 661 2049 saec.
687 2019 730 2048 12.
753 2021 823 2048 Cod.
839 2023 989 2050 Matriten.
1025 2022 1182 2055 (Collectio
1198 2023 1346 2059 Barbieri)
1364 2033 1386 2052 s.
1402 2034 1430 2052 n.
1448 2042 1482 2045 —

143 2061 366 2089 Misset-lVeale
388 2061 428 2093 11,
450 2062 499 2088 Nr.
522 2058 587 2088 828.
609 2074 646 2079 -—
668 2058 719 2091 2a,
740 2058 759 2086 4
781 2063 912 2090 scenica:
934 2061 986 2089 der
1006 2061 1172 2098 Gegensatz
1195 2060 1248 2093 2b,
1271 2061 1289 2090 4
1312 2063 1398 2095 lehi-t,
1421 2072 1482 2091 was

143 2102 273 2135 gemeint
293 2101 358 2127 sein
380 2099 465 2126 muts.
492 2115 519 2119 —
541 2097 597 2131 2a,
619 2097 637 2125 5
657 2098 885 2134 hyponisitica3
906 2100 957 2128 der
972 2101 1140 2135 Gegensatz
1153 2109 1206 2128 zur
1220 2098 1484 2138 Wahrhaftigkeit

139 2136 211 2171 (21³,
239 2138 266 2167 5)
287 2139 326 2165 ist
346 2139 393 2165 die
416 2138 592 2174 hypocrisis.
613 2152 651 2157 -—
671 2135 729 2170 21),
759 2135 778 2164 4
797 2137 978 2174 mutidaque.
1001 2153 1037 2157 —
1059 2138 1117 2170 4b.
1139 2136 1157 2166 3
1178 2139 1255 2167 hanc
1276 2141 1344 2168 cito.
1369 2155 1404 2159 —
1429 2139 1482 2173 6a.

140 2176 161 2203 5
182 2179 233 2212 qui
255 2181 291 2204 et.
320 2193 351 2197 --
372 2175 421 2209 7a,
448 2177 461 2204 1
485 2180 614 2213 exoptat.

510 2261 577 2292 251.
619 2260 661 2292 De
683 2269 708 2292 s.
733 2259 871 2293 Iohanne
893 2260 1116 2301 Evangelista.

268 2381 481 2414 Concinentes
507 2382 711 2414 attendamus

313 2432 365 2462 Ad
392 2434 516 2462 montes
541 2434 730 2471 aromatum,

865 2331 929 2368 1b.
961 2332 1058 2367 Unde
1084 2332 1176 2366 uobis
1203 2335 1380 2368 matutinus

959 2382 1025 2415 Ros
1051 2386 1082 2413 et
1109 2382 1214 2414 imber
1241 2385 1446 2424 vespertinus

1009 2429 1198 2464 Electorum
1222 2433 1419 2473 dogmatum.
