1654 2756
205 354 265 387 la.

205 587 268 620 aa.

205 773 265 806 3a.

204 958 266 991 4a.

208 1144 269 1175 5a.

206 1327 267 1360 6a.

204 1560 266 1593 7a.

204 1746 265 1778 Sa.

202 1933 263 1965 9a.

176 2118 219 2152 10
232 2127 258 2151 a.

174 2353 217 2387 11
231 2362 259 2385 a.

817 157 864 192 24

866 158 887 193 5
940 178 986 183 .-

604 263 672 294 270.
715 263 758 295 De
780 265 891 295 sancto
913 263 1099 297 Laurentio.

298 350 416 400 [Caeli‚
438 357 547 386 terrae
566 355 653 387 cives
667 355 820 397 gaudent,

300 403 433 447 Terra]‚
461 407 592 445 pontus,‚
620 408 711 436 astra
729 404 821 445 plau-

615 453 703 493 dent,

354 501 557 540 Cessantque
584 501 736 544 suspiria,

302 587 363 626 Qui
389 587 566 620 virtutibus
594 586 763 629 fecundus,

303 636 355 668 Ab
383 636 540 675 Hispanis
566 636 725 668 oriundus

351 683 505 717 Patribus
533 683 714 725 magnifice,

301 771 371 812 Cui,
400 771 475 803 dum
504 771 732 804 decollationis

304 821 445 853 Poenam
472 820 605 853 sustulit
630 821 753 861 agonis,

324 867 443 902 Adfuit
475 867 687 901 Laurentius:

298 956 409 989 Sixtus
420 955 461 989 ad
473 956 571 987 haec:
588 956 681 997 „Non
695 957 823 989 dimitto

304 1005 361 1044 Te,
390 1006 432 1037 mi
459 1004 517 1045 fili,
545 1005 603 1036 sed
630 1005 785 1045 promitto

352 1054 407 1086 Me
433 1054 526 1093 sequi
552 1058 629 1093 post
656 1054 820 1095 triduum3

303 1141 408 1181 Igitur
433 1140 625 1172 archilevita

304 1189 522 1229 Dispensatas
547 1197 644 1228 gazas
669 1188 715 1220 ita

351 1236 497 1270 Contulit
523 1236 733 1276 pauperibus,

301 1325 367 1357 Sub
397 1323 570 1364 Hippolyti
597 1323 749 1356 clausura

303 1375 427 1407 Tentus
454 1373 545 1413 signa
573 1371 649 1404 fecit
677 1373 773 1412 plura

351 1423 471 1463 Magno
498 1430 570 1452 cum
597 1421 773 1463 miracu103

299 1559 387 1591 Hinc
412 1557 512 1590 levita
539 1560 769 1597 praesentatur

301 1607 442 1643 Caesari,
472 1606 721 1638 consciscitatur

349 1655 467 1694 Gams,
495 1664 575 1695 quas
603 1654 781 1688 distribuit.

298 1745 377 1777 Mox
405 1741 574 1776 carnifices
601 1743 777 1782 minantur⁷

299 1795 422 1827 Carnes
450 1792 555 1824 sancti
582 1792 771 1824 lacerantur

347 1842 427 1875 Dire
453 1840 699 1882 scorpionibus;

296 1931 382 1970 Quos
413 1927 582 1962 carnifices
609 1929 771 1961 instanter

300 1977 546 2020 Ministrabant,
565 1978 639 2010 dum
655 1978 818 2010 laetanter

348 2027 476 2060 Cecinit
503 2027 584 2059 haec
611 2027 750 2060 caritas:

293 2116 391 2155 Ecce,
419 2114 558 2147 moritur
584 2114 637 2146 hic
663 2115 780 2156 iustus,

296 2163 503 2198 Archilevita
530 2166 697 2206 venustus,

298 2214 343 2248 Ut
369 2212 470 2255 piscis
497 2213 545 2245 sic
572 2217 622 2244 est
649 2213 784 2245 adustus

345 2263 466 2296 Subter
501 2266 622 2294 cratem
655 2261 816 2306 ferream;

293 2353 319 2386 Ο
346 2351 517 2391 Laurenti,
545 2351 668 2384 Christi
695 2351 800 2391 testis,

295 2401 351 2435 Ad
379 2409 491 2434 cenam
517 2401 591 2441 agni
620 2399 772 2432 caelestis

297 2450 477 2492 Insignitos
503 2449 600 2482 albae
627 2449 727 2482 vestis

347 2500 456 2534 Stolas
481 2497 535 2532 fac
561 2498 710 2533 induere.

910 355 972 391 lb.

907 588 969 623 2b.

906 774 971 809 3b.

907 959 970 993 4b.

907 1142 970 1175 5b.

908 1324 971 1358 6b.

907 1743 970 1779 8b.

907 1929 968 1963 9b.

882 2115 968 2151 10b.

881 2351 923 2384 11
936 2351 968 2385 b.

1005 357 1199 389 Recolentes
1226 355 1309 388 festa
1336 359 1438 395 tanta,

1008 405 1221 438 Celebrantes
1249 408 1458 437 sacrosancta

1056 454 1226 487 Laurentii
1254 454 1425 494 martyria.

1002 591 1031 622 A
1059 589 1215 622 Romanis
1242 590 1414 628 enutritus,

1005 638 1195 679 ordinatus,
1223 638 1370 670 eruditus

1052 688 1082 719 A
1110 687 1202 720 Sixto
1229 686 1393 725 pontifice.

1007 775 1138 815 „Pater7
1164 773 1313 805 orbatum
1340 773 1441 805 filium

1002 822 1162 861 Dimittis,
1189 822 1222 853 in
1250 823 1398 854 exsilium

1049 872 1109 912 Qui
1136 874 1242 902 tecum
1269 870 1469 911 frequentius
1480 869 1515 902 ‘?“

1004 959 1112 992 Gazae
1138 958 1252 998 templi
1278 962 1441 998 potestate

1004 1008 1074 1040 Tua
1097 1008 1163 1039 sint
1190 1007 1275 1038 dona
1300 1010 1432 1038 curatae

1054 1054 1171 1096 Aegris
1198 1055 1231 1086 in
1258 1054 1471 1088 subsidium.“

1003 1143 1082 1174 Mox
1108 1152 1127 1174 a
1154 1141 1256 1173 Decio
1283 1141 1424 1181 profano

1003 1191 1149 1230 Capitur.
1178 1190 1354 1221 Valeriano

1054 1239 1158 1270 Datur
1185 1238 1217 1269 in
1245 1239 1443 1271 carceribus.

1003 1325 1151 1366 Namque
1186 1333 1316 1356 caecum
1353 1330 1425 1365 post
1463 1335 1521 1366 pu-

1319 1374 1425 1405 sillum

1004 1422 1207 1454 Illuminavit
1234 1422 1395 1454 Lucillum

1053 1470 1166 1504 Crucis
1195 1480 1264 1502 cum
1293 1471 1470 1511 signaculo.

1000 1558 1096 1592 Unde
1123 1562 1270 1590 sanctum
1297 1559 1488 1598 imperator,

1002 1607 1220 1640 Romanorum
1249 1607 1428 1648 legislaton

1053 1655 1200 1690 cruciari
1226 1656 1352 1688 tribuit.

1004 1744 1047 1776 Et
1073 1744 1193 1786 ligatur
1219 1753 1238 1776 a
1264 1742 1432 1784 praefecto

1004 1794 1081 1825 Pius
1108 1795 1140 1825 in
1167 1793 1296 1825 ardenti
1328 1793 1414 1825 lecto

1051 1842 1227 1875 Submissis
1254 1841 1464 1882 carbonibus,

1004 1931 1103 1973 „Igne
1130 1938 1180 1961 me
1207 1930 1418 1963 examinasti.

1000 1979 1045 2012 Et
1070 1990 1150 2018 non,
1185 1979 1336 2019 quoniam
1365 1978 1524 2019 probasti,

1050 2029 1112 2061 Est
1138 2027 1169 2059 in
1198 2036 1248 2059 me
1274 2026 1465 2068 iniquitas.“

1001 2117 1218 2155 Animamque
1245 2115 1388 2147 creatori

1003 2164 1176 2204 Reddidit,
1206 2164 1369 2196 caelorum
1398 2165 1489 2197 chori

1002 2213 1155 2246 Gaudent
1164 2212 1250 2244 hunc
1261 2213 1292 2244 in
1302 2213 1434 2246 Christo
1445 2215 1527 2247 mori

1050 2263 1191 2303 Propter
1224 2271 1336 2302 gazam
1369 2265 1525 2296 terream.

998 2351 1118 2392 Aegris
1142 2358 1236 2391 opem
1258 2348 1308 2382 fer
1328 2354 1359 2382 et
1378 2352 1526 2391 maestis,

1002 2399 1205 2433 Assistentes
1232 2399 1296 2431 tuis
1324 2398 1419 2432 festis

1004 2449 1159 2482 Servulos
1185 2448 1308 2489 ignitae
1334 2450 1437 2490 pestis

1051 2498 1218 2530 Flammas
1245 2496 1297 2530 sac
1325 2507 1457 2535 exuere.
