1654 2756
695 139 962 174 —266—

231 239 315 266 Miss.
343 247 396 265 ms.
418 236 649 264 sanblasianum
677 243 753 263 saec*
781 233 825 262 12.
848 234 918 263 eod.
943 234 1067 263 Paulan.
1097 231 1145 262 25.
1166 231 1194 263 3.
1218 233 1250 262 17
1274 234 1368 270 (Blas.
1392 233 1499 262 memb.

156 276 212 312 60).
240 278 277 304 Α.
306 294 341 297 -
370 276 531 303 Collectan.
565 284 616 301 ms.
650 283 726 302 saec.
765 271 807 300 12.
835 274 906 302 Cod.
934 274 1024 300 civit.
1050 273 1188 301 Tui-icen.
1217 273 1241 301 C
1274 270 1329 301 184
1358 271 1396 304 (C
1423 269 1500 307 289).

158 318 190 344 Β.
211 331 251 337 -
274 315 328 348 la,
361 314 374 342 1
404 314 516 341 Christi
544 314 672 349 principi
698 314 732 341 B.
756 327 791 332 —
813 310 872 346 3a,
899 310 976 339 2—5
1001 311 1100 340 fehlen
1120 312 1154 340 B.
1172 325 1211 331 —
1231 310 1295 345 3b.
1324 309 1343 340 3
1373 312 1501 340 infantia

157 356 189 382 B.
204 369 242 375 --
257 353 309 387 610,
325 352 342 381 3
357 357 461 388 regnat
478 354 557 380 vitae
571 360 639 379 cum
653 352 687 384 Α,
703 354 808 388 regnat
822 353 884 379 inte
899 351 932 378 B.
950 366 984 370 —
1000 350 1130 378 Melodie
1144 350 1188 385 (in
1202 350 1252 384 B):
1270 350 1503 387 „Hippodia-

157 392 345 426 conissa“,
377 393 441 419 also
472 392 528 418 wie
555 391 603 429 die
634 390 818 418 Notkersche
848 389 1014 426 „Christi
1042 389 1189 418 Domini
1216 387 1395 424 militis“;
1424 389 1504 417 dem-

157 431 370 467 entsprechend
397 430 472 457 auch
501 429 553 457 der
574 430 756 458 Uberschuss
787 429 838 456 der
860 429 964 457 Silben
993 429 1024 456 in
1047 428 1104 455 Str.
1134 428 1189 457 5b.
1211 443 1249 447 -
1271 430 1328 457 Die
1347 428 1504 456 Kollation

159 480 217 498 von
241 471 263 497 B
285 471 421 505 besorgte
443 470 515 497 Rev.
538 469 575 496 H.
598 469 766 496 Bannister.

611 582 678 613 295.
723 583 764 614 De
786 583 896 614 sancto
918 581 1054 613 Nicolao.

630 655 659 687 1.
688 655 817 687 Summo
844 653 912 696 regi

688 704 800 736 laudes
829 702 962 734 devotas
989 710 1139 742 persona,

687 760 798 792 regum
825 754 859 782 tu
885 750 962 792 filia,

889 836 950 870 2b.
984 836 1110 868 Nicolai
1137 837 1296 876 praesulis

984 885 1033 917 sui
1060 885 1208 917 miranda

188 841 252 871 2a.
285 838 382 871 Cuius
411 839 511 870 virtus
538 839 651 872 inclita

286 887 319 918 in
344 887 463 919 sanctis
489 887 555 918 suis

290 943 384 975 quam
411 935 453 966 sit
478 935 646 972 mirabilis,

194 1023 252 1054 3³.
286 1021 349 1052 Hic
373 1021 457 1052 inter
483 1022 596 1053 matris
621 1021 722 1054 ubera

289 1069 409 1101 Christi
435 1070 497 1101 iam
524 1071 649 1102 assecla

291 1117 450 1158 primitias
478 1118 546 1149 Deo

290 1163 417 1196 futurae
447 1166 533 1196 vitae
559 1165 733 1205 praetulit3

191 1253 256 1283 43.
289 1250 341 1282 Sic
369 1250 574 1289 patriarchae

290 1298 386 1330 Iacob
415 1308 503 1338 puer,

289 1344 506 1386 simplicitatis
531 1348 685 1385 aemulus,

194 1436 255 1465 52.
288 1432 420 1463 Electus
446 1438 520 1464 ante
546 1433 674 1465 saecula

292 1480 352 1512 Dei
381 1482 514 1512 consilio

293 1528 413 1568 signari
440 1529 557 1561 meruit

292 1576 425 1608 caelitus
452 1581 564 1617 pastor
590 1578 736 1619 populis;

196 1664 256 1695 Ga.
290 1662 414 1694 Bellum
442 1664 593 1704 nequitiis
619 1663 755 1696 offerens

290 1720 367 1742 auro
393 1711 533 1742 incestus

294 1762 419 1797 turpem
445 1759 610 1791 infamiam

293 1806 439 1840 redemit.

199 1894 215 1925 7
230 1901 259 1925 a.
290 1893 385 1924 Hunc
409 1892 584 1925 visceribus

295 1941 439 1972 caritatis

291 1998 329 2021 ac
356 1989 485 2030 pietatis
508 1999 649 2022 summae

293 2038 430 2078 replevit
458 2038 578 2070 caelica
604 2039 717 2078 virtus,

195 2127 214 2158 8
230 2133 257 2155 a.
291 2124 373 2155 Nam
400 2125 529 2157 tumbae
556 2125 623 2157 eius
650 2133 808 2157 marmore

291 2182 419 2204 sacrum
442 2173 502 2205 Dei
529 2174 649 2206 virtute

295 2225 403 2252 manat
428 2222 544 2262 oleum,

195 2310 254 2341 911.
287 2308 358 2340 Hoc
384 2308 514 2340 Domini
540 2309 645 2348 pietas

290 2355 401 2388 famuli
427 2357 476 2388 sui
503 2357 618 2390 merita

296 2413 426 2437 munere
453 2405 598 2438 declarat

295 2453 326 2485 in
354 2454 460 2486 laudis
486 2455 588 2497 ipsius
614 2454 762 2497 titulum3

984 933 1101 965 merita
1128 933 1329 973 praedicant.

890 1019 952 1053 312.
985 1019 1068 1051 Nam
1096 1029 1157 1051 non
1181 1019 1312 1052 auditae
1338 1019 1469 1052 Domini

986 1067 1068 1108 legis
1094 1068 1313 1107 praecupidus

987 1115 1090 1147 factor
1116 1116 1280 1156 stipendio

988 1164 1125 1195 materni
1151 1164 1244 1196 lactis
1272 1164 1414 1196 abstinet

884 1250 949 1284 4b.
986 1249 1193 1282 Inhabitabat

988 1298 1144 1330 ecclesiae

989 1346 1120 1378 sedulus
1147 1345 1368 1378 tabernacula.

890 1433 953 1467 5b.
984 1434 1043 1473 Qui
1079 1433 1177 1464 vitam
1205 1442 1319 1471 gerens
1343 1434 1503 1473 praesulis

987 1481 1179 1512 concordem
1205 1481 1355 1520 nominiS‚

985 1529 1069 1569 quod
1098 1529 1205 1560 verbis
1233 1529 1352 1569 docuit,

985 1577 1141 1616 exemplis
1163 1578 1195 1609 in
1222 1587 1257 1609 se
1285 1578 1446 1618 praebuit.

890 1662 952 1696 6b.
986 1665 1070 1695 Vere
1097 1664 1297 1706 compatiens
1324 1665 1452 1697 miseris

988 1712 1080 1743 datos
1105 1713 1248 1744 insontes

986 1760 1080 1791 morti
1107 1761 1289 1800 praeripuit

986 1808 1127 1841 iuvenes.

893 1893 955 1927 7b.
988 1895 1078 1935 Quod
1106 1894 1256 1928 fidelibus

989 1943 1175 1984 dignissime

987 1993 1201 2024 contuendum
1228 1994 1367 2025 caeleste

989 2039 1139 2080 probavit
1166 2042 1395 2076 testimonium.

890 2125 953 2160 Sb.
985 2126 1234 2167 Omnigenarum
1261 2129 1385 2161 meritis

989 2175 1056 2207 eius
1079 2176 1164 2215 quod
1191 2176 1278 2208 salus
1306 2180 1433 2209 constat

989 2223 1213 2263 aegritudinis

894 2308 956 2342 9b.
990 2309 1188 2350 Liquoribus
1216 2313 1334 2345 etenim

990 2358 1113 2390 cunctis
1140 2359 1271 2391 excellit
1294 2361 1400 2392 oleum

988 2406 1156 2438 Nicolaum
1184 2408 1314 2449 signans

989 2455 1020 2487 vi
1048 2455 1194 2489 caritatis
1221 2459 1393 2492 excellere.
