1654 2756
716 141 974 179 —256—

181 249 240 281 Ga.
273 248 298 281 Ο
324 252 428 279 mater
453 253 578 285 serena,
874 238 937 272 6b.
969 238 1034 271 Sed
1060 241 1146 270 tutos
1172 246 1191 269 a
1217 244 1322 276 poena

278 297 353 335 Ora,
381 295 450 327 Deo
476 293 584 333 plena,
972 286 1067 321 cibet
1093 286 1167 326 agni
1196 293 1275 316 cena

278 345 397 377 Mortis
423 350 463 373 ne
489 341 627 381 stringat
971 335 1058 368 Aula
1083 334 1244 366 caelorum

325 402 382 424 nos
410 395 533 429 catena,
1020 384 1052 415 in
1079 391 1223 415 amoena.

258 469 341 495 Miss.
368 475 421 494 ms·
443 466 472 492 S.
495 464 650 492 Cuniberti
673 462 860 490 Coloniensis
882 468 959 487 saec.
987 457 1061 486 ¹⁴l15.
1084 459 1155 487 Cod.
1179 460 1308 486 Darmst.
1330 453 1395 484 876.
1417 455 1451 482 A.
1473 469 1512 473 —

179 507 268 535 Grad.
290 515 342 533 ms.
365 508 394 533 S.
417 504 571 532 Cuniberti
593 502 780 530 coloniensis
802 509 878 527 saec.
902 496 946 525 16.
967 499 1008 525 in.
1031 498 1101 525 Cod.
1124 498 1153 525 S.
1177 497 1332 525 Cuniberti
1355 494 1510 522 Colonien.

180 555 202 573 s.
227 555 254 572 n.
278 546 309 572 B.
332 561 367 564 ——
393 543 442 576 lb,
465 541 483 569 2
504 551 621 569 carnem
643 542 677 568 Α.
700 555 734 559 -
757 538 901 567 Melodie:
923 537 1207 564 Laetabundus.
1230 552 1265 556 -—
1281 536 1339 563 Die
1353 533 1511 561 Kollation

179 593 239 611 von
263 584 287 611 A
310 583 447 617 besorgte
469 582 539 609 Rev.
564 581 599 607 H.
621 581 661 607 M.
685 579 850 606 Banm'ster.

623 673 691 704 285.
733 672 776 703 De
797 670 909 702 sancta
930 669 1066 700 Martha.

180 749 241 781 la.
274 745 495 781 Iucundeutur
876 740 938 775 lb.
970 738 1209 781 Augmentetur

326 795 424 828 Plebs
452 793 580 831 devota,
1021 789 1117 829 Laus,
1144 791 1269 819 semota

278 842 488 875 Collaudetur
972 837 1065 868 Noxa
1092 837 1196 879 detur,

325 891 435 923 Mente
461 893 530 921 tota
1021 885 1070 917 Sit
1096 894 1185 916 mens
1212 884 1279 916 lota

374 937 470 970 vocis
496 937 628 968 Martha
653 935 778 975 sonitu3
1066 933 1188 966 Christi
1215 932 1300 964 freta
1327 930 1460 964 monitu.

180 1018 238 1050 2a.
270 1014 348 1049 Cum
377 1015 485 1055 opima
874 1010 937 1044 2b.
969 1008 1050 1044 Orta
1075 1010 1158 1042 luxit

325 1064 396 1095 Non
423 1063 455 1093 in
484 1071 598 1094 vanum
1016 1058 1127 1099 Stirpe
1153 1058 1255 1096 clara,

278 1112 400 1144 Stravit
428 1111 501 1152 ima,
968 1107 1075 1138 Vitam
1103 1106 1197 1138 duxit

325 1160 416 1191 Misit
441 1167 568 1190 manum
1017 1155 1168 1186 Sanctam
1197 1163 1274 1186 cara

373 1207 491 1239 Mulier
517 1206 560 1237 ad
586 1205 694 1238 fortia.
1067 1203 1156 1234 Haec
1182 1203 1267 1234 inter
1293 1201 1471 1235 consortia.

181 1287 242 1318 3a.
273 1281 374 1317 Busto
400 1283 556 1314 Lazarum
583 1291 767 1322 germanum
875 1280 936 1312 3b.
971 1277 1011 1313 Ut
1038 1280 1183 1319 placeret
1209 1278 1379 1317 salvatori,

280 1333 346 1363 Ian]
360 1331 533 1362 foetentem
545 1330 691 1362 Christus
701 1339 812 1362 sanum
970 1328 1172 1360 Mansionem
1200 1328 1339 1359 creatori

325 1380 429 1411 Huius
456 1387 552 1418 prece
579 1378 704 1419 tribuit,
1018 1376 1167 1408 Omnium
1195 1376 1352 1408 exhibuit.

180 1460 230 1489 4a
272 1457 395 1496 Sponte
871 1453 934 1485 4b.
969 1450 1060 1495 Dire‚

275 1505 387 1536 Monte
966 1501 1053 1532 Mire

324 1553 413 1584 Haec
438 1552 579 1590 septenis
1016 1549 1110 1581 Hanc
1135 1550 1259 1581 nodosa

274 1601 388 1635 Annis,
967 1597 1086 1635 (linxit,

274 1650 404 1688 Pannis,
751 1686 753 1688 q
967 1646 1107 1678 Strinxit

326 1697 440 1728 Poenis
467 1695 582 1737 plenis,
1018 1693 1071 1725 Sic
1097 1695 1202 1734 pilosa

374 1744 541 1777 Manserat
567 1744 728 1785 suaviter3
1064 1742 1149 1783 Equi
1175 1752 1257 1775 zona
1283 1742 1437 1784 graviter.

181 1824 241 1854 5a.
276 1818 380 1855 Erant
408 1820 455 1851 illi
873 1818 940 1851 5b.
972 1815 1060 1852 Nam
1088 1819 1121 1850 in
1150 1820 1215 1851 vita

276 1869 422 1901 Affodilli
972 1867 1126 1899 Perstans
1151 1868 1206 1907 ita,

324 1919 373 1950 Ac
400 1916 524 1949 boletus
1022 1916 1106 1948 Dum
1133 1925 1168 1948 se
1195 1917 1310 1959 nescit,

330 1966 426 1998 t'ibus
452 1965 569 2006 laetus,
1020 1965 1112 2004 Quod
1139 1965 1289 2006 senescit,

376 2014 517 2055 Herbae,
546 2011 671 2044 fructus
695 2013 873 2057 glandium,
1070 2013 1253 2054 Degustare
1279 2013 1464 2054 prandium.

181 2093 243 2125 68..
282 2088 396 2125 Uinxit
423 2090 514 2131 signo
542 2089 646 2121 crucis
668 2099 817 2131 maguum
880 2090 943 2123 fib.
976 2087 1112 2124 Struens
1139 2092 1315 2124 claustrum
1340 2091 1375 2122 in
1393 2090 1518 2123 honore

281 2140 374 2172 Haec
392 2139 566 2172 draconem
584 2139 674 2171 velut
691 2148 819 2179 agnum,
977 2139 1101 2172 Christi
1124 2140 1240 2172 matris
1267 2149 1340 2172 cum
1364 2139 1486 2172 decore

332 2188 498 2220 Domitum
525 2187 732 2227 compescuit.
1026 2188 1201 2220 Fratribus
1228 2188 1401 2229 disposuit.

186 2266 246 2298 7a.
279 2263 334 2299 Sic
361 2265 487 2298 curavit
885 2263 945 2297 7b.
979 2261 1136 2297 Invitavit

284 2314 329 2346 Et
355 2313 495 2346 salvavit
981 2314 1089 2354 Atque
1116 2314 1207 2353 pavit

334 2364 434 2401 Haec,
463 2362 633 2402 quaesivit,
1030 2361 1122 2394 Haec
1148 2366 1279 2403 egentes

333 2413 435 2452 Quam
463 2410 572 2442 amisit
1030 2411 1219 2452 Indigentes

382 2460 536 2492 Turmam
556 2459 704 2491 Christus
728 2459 882 2501 gentium.
1080 2460 1169 2492 Dans
1196 2461 1334 2493 salutern
1357 2461 1526 2498 mentium,
