1654 2756
705 134 944 171 ..68-

167 235 228 266 58.
256 233 392 266 Clausus
419 233 540 271 hortus,
863 233 924 267 5b.
951 233 1041 265 Arca
1065 232 1157 273 legis,

253 281 357 321 Regni
384 284 506 322 portus,
561 283 565 287 ’
950 281 1051 314 Porta
1076 280 1172 323 regis,

304 329 412 370 Virgo,
441 329 525 369 quod
546 328 601 366 sis,
622 328 793 368 noscimus,
998 328 1099 368 Quam
1125 328 1232 361 nullus
1258 327 1397 369 aperuit,

254 377 316 410 Dei
343 377 436 418 cella,
951 376 1063 409 Rubus
1089 376 1177 417 Sina,

253 425 357 457 Maris
383 425 488 465 stella,
951 425 1028 457 Sine
1053 425 1148 466 spina

305 473 401 505 Cuius
427 481 520 513 opem
547 473 719 513 poscimus,
999 474 1096 513 Rosa,
1123 482 1206 514 quae
1231 483 1294 505 non
1321 470 1468 504 marcuit.

167 561 227 593 68..
255 560 325 592 Tua
352 560 449 601 digna
863 560 926 595 6b.
955 561 1040 593 Hinc
1066 561 1205 600 implora

255 608 386 641 Clarent
412 608 503 648 sigua
951 609 1045 642 Omni
1071 609 1162 648 hora,

304 658 342 689 ln
368 656 444 688 fidei
470 657 588 696 patria.
998 657 1090 697 Quod
1117 657 1159 688 sit
1184 665 1248 688 una
1274 655 1381 687 latria.

169 745 229 777 7a.
257 745 367 776 Mater
392 744 464 785 Dei,
868 743 926 777 7b.
954 745 1039 784 Quos
1065 743 1205 775 absortis

256 793 310 824 Ad
337 796 369 823 te
396 792 442 823 rei
954 791 1069 823 Poenis
1096 791 1208 822 mortis

307 840 455 873 Clamant
482 840 514 870 in
541 839 666 879 exsilio,
1004 841 1104 878 lunge
1131 843 1184 870 tuo
1210 837 1287 870 filio.

238 926 372 953 Oration.
395 929 423 952 et
439 924 578 960 sequent.
600 933 653 951 ms.
670 925 833 960 Campense
849 925 919 951 anni
937 922 1020 951 1462.
1056 923 1128 950 Cod.
1144 922 1363 950 Darmstadien.
1380 920 1446 949 521.
1461 937 1498 942 —-

160 964 211 999 5a,
233 962 251 992 3
272 965 400 991 noscius.
422 978 459 982 —
482 963 609 991 Melodie
631 963 774 990 offenbar:
798 963 823 991 O
843 963 957 990 beata
978 963 1185 990 beatorum.

612 1061 660 1092 54.
692 1061 726 1092 ln
747 1060 941 1092 visitatione
964 1060 1052 1091 BMV.

172 1145 232 1177 la.
261 1143 366 1181 Salve,
395 1144 484 1183 virgo
511 1143 660 1182 gloriosa,
870 1141 927 1174 lb.
959 1141 1104 1173 visitasti
1130 1141 1301 1173 Elisabeth

260 1192 368 1223 Mater
395 1191 516 1223 Christi
543 1199 708 1230 generosa,
956 1189 1006 1220 De
1032 1189 1163 1221 civitate
1191 1189 1367 1229 Nazareth,

310 1239 434 1279 Regina
461 1239 591 1270 caelica.
1004 1237 1030 1269 O
1057 1238 1158 1277 stirps
1185 1237 1348 1269 Davidica

174 1329 235 1360 2a.
262 1326 335 1366 Eia,
363 1334 498 1365 corpore
525 1324 676 1362 formosa,
869 1323 930 1356 2b.
958 1324 1076 1363 Maria,
1103 1333 1184 1364 quae
1210 1324 1281 1356 Deo
1307 1329 1409 1365 grata,

264 1374 348 1406 Fide
374 1374 476 1413 magis
502 1374 658 1414 speciosa,
958 1372 1143 1404 Gratiarum
1170 1373 1323 1405 decorata

311 1422 359 1453 Tu
385 1422 553 1462 praeclara
579 1430 706 1462 genere,
1006 1421 1049 1452 Et
1076 1421 1228 1452 virtutum
1256 1430 1400 1455 munere.

176 1511 235 1542 3a.
263 1509 332 1540 Tuo
358 1517 416 1540 nos
442 1508 557 1539 itinere
871 1507 929 1540 3b.
959 1507 1141 1539 Praebuisti
1162 1509 1314 1547 gaudium

264 1557 411 1588 Docuisti
436 1556 580 1598 mirifice,
959 1555 1144 1596 Infantique
1171 1557 1338 1595 solacium,

313 1605 411 1644 Virgo
438 1604 554 1637 Maria.
1006 1604 1101 1636 Felix
1128 1609 1157 1635 et
1187 1605 1251 1644 pia.

174 1695 236 1727 4a,
264 1693 290 1726 O
316 1691 422 1732 beata,
452 1690 535 1733 [sine
561 1689 661 1732 meta]
871 1690 932 1723 4b.
960 1691 997 1722 In
1026 1691 1153 1723 delictis
1181 1696 1212 1723 et
1239 1693 1383 1732 peccatis

264 1742 351 1780 Quae
366 1749 436 1771 cum
451 1739 579 1771 Christo
593 1748 708 1779 regnas
719 1739 804 1771 laeta
961 1738 1090 1771 Nostris
1117 1740 1201 1771 male
1227 1741 1428 1780 perpetratis

313 1789 349 1819 ln
376 1787 507 1819 caelesti
533 1787 653 1827 requie,
1011 1787 1111 1819 Posce
1137 1788 1222 1820 dona
1248 1789 1373 1822 veniae.

246 1875 329 1901 Miss.
360 1882 413 1900 ms
435 1872 685 1900 Lambrechtense
706 1875 776 1900 anni
800 1871 881 1900 1336.
924 1873 996 1901 Cod.
1018 1874 1160 1901 Graecen.
1182 1873 1247 1902 395
1271 1875 1337 1902 add.
1361 1885 1436 1904 saec.
1461 1876 1504 1904 15.

166 1914 200 1941 A.
223 1927 259 1932 —-
281 1914 366 1940 Miss.
398 1921 450 1938 mS.
480 1911 729 1939 Lambrechtense
755 1921 831 1939 saec.
864 1910 907 1938 15.
950 1912 1020 1939 Cod
1041 1913 1183 1940 Graecen.
1213 1912 1276 1941 115.
1298 1915 1332 1941 B.
1356 1930 1390 1933 —
1414 1914 1464 1947 21³,
1487 1914 1505 1943 2

169 1952 274 1980 Gratia
295 1953 327 1979 B.
355 1965 391 1969 —
419 1948 474 1983 31),
499 1949 511 1977 l
536 1950 687 1986 Cognatae
708 1951 872 1986 praebuisti
893 1951 953 1978 AB.
980 1966 1018 1969 —
1045 1950 1099 1983 3¹),
1123 1950 1141 1979 2
1168 1953 1285 1979 Infante
1307 1954 1371 1981 eius
1393 1955 1503 1988 A31n-

168 1991 243 2019 fanti
265 1992 329 2018 eius
350 1991 384 2018 B.
414 2004 449 2007 —
479 1988 531 2021 4a,
556 1988 569 2015 1
593 1990 618 2016 O
639 1990 723 2025 virgo
744 1990 833 2017 beata
854 1989 914 2016 ΑΒ.
935 2004 973 2008 -
999 1989 1051 2022 4b.
1077 1991 1089 2018 1
1119 1991 1228 2018 delicto
1251 1992 1284 2018 B.
1308 2006 1343 2011 —
1366 1993 1432 2029 Vgl.
1455 1994 1503 2021 die

171 2029 305 2066 Sequenz
327 2028 463 2065 gleichen
484 2028 616 2064 Anfangs
641 2029 695 2055 auf
712 2029 884 2064 Assumptio
906 2028 999 2055 BMV.

615 2126 662 2157 55.
693 2126 728 2157 ln
750 2125 941 2158 Visitationc
962 2127 1050 2158 BMV.

179 2211 238 2242 la.
266 2211 421 2242 Praesens
449 2209 517 2241 dies
878 2208 934 2241 lb.
963 2209 1000 2241 In
1028 2211 1087 2242 hoc
1107 2215 1211 2242 mater

314 2256 453 2298 refulget
479 2257 627 2298 celebriS‚
1011 2258 1129 2298 gaudet
1155 2259 1304 2299 ecclesia,

265 2307 353 2346 Quae
379 2306 505 2338 Mariae
963 2305 1175 2338 Laetabunda

315 2364 372 2386 nos
398 2354 548 2396 precibus
575 2353 699 2386 crebris
900 2352 908 2357 ’
1013 2353 1113 2394 figens
1140 2357 1305 2397 memoria,

364 2400 474 2435 Omnis
499 2403 577 2435 mali
602 2401 745 2434 tenebris
1061 2403 1152 2443 Quod
1171 2404 1262 2445 virgo
1282 2405 1322 2438 de
1342 2407 1506 2440 Nazareth

367 2452 484 2492 Purget
511 2456 542 2483 et
567 2450 741 2484 illecebris.
1062 2451 1180 2484 visitat
1207 2453 1391 2490 Elisabeth.
