1654 2756
702 179 968 215 -203—

873 277 961 312 11b.
993 278 1057 310 Per
1082 282 1114 309 te
1138 278 1233 310 nobis
1257 277 1299 310 sit
1325 280 1475 317 apertum

1045 326 1140 360 Pulsa
1166 326 1240 358 labe
1266 325 1434 357 criminum

1092 375 1239 416 Regnum
1265 374 1400 408 Christi.

167 277 206 310 11
220 285 251 310 a.
286 276 348 316 Qui
379 285 541 318 paganum
567 276 811 318 Regnobertum

340 326 539 358 Praedicans
565 326 608 358 ad
634 326 810 358 Dominum

385 374 607 414 Converdisti,

875 472 917 505 12
931 471 964 505 b.
997 472 1094 505 Cuius
1120 482 1216 512 posse

995 521 1111 553 Totum
1139 530 1244 562 nosse,

1042 569 1207 610 Quidquid
1235 574 1296 611 est,
1324 569 1514 610 peremnia.

165 472 208 505 12
222 482 251 506 a.
286 473 357 506 Hoc
384 473 425 505 de
450 475 557 514 pater,

286 519 385 554 Cuius
411 525 516 554 mater

334 569 413 601 Filii
439 574 490 602 est
515 568 595 608 filia,

243 655 384 692 Sequent.
434 665 488 683 ms.
541 655 772 682 Ravennatense
819 655 890 682 anni
939 652 1112 683 1585—87.
1162 656 1233 683 Cod.
1280 655 1412 684 Classen.
1455 652 1515 682 :360

161 692 240 728 (139,
265 694 291 722 5.
315 694 355 725 S).
376 709 415 713 —
434 693 487 729 412,
512 692 525 720 l
548 694 657 721 Pastor
679 697 708 721 et
729 694 858 729 praesul.
879 707 918 712 ——
939 692 991 725 5a,
1013 692 1030 721 2
1053 694 1176 722 Sincera
1197 695 1278 722 fehlt.
1296 709 1328 712 —
1348 693 1399 725 Sb,
1424 694 1436 722 1
1454 693 1514 721 Ein

160 733 201 760 hl.
222 734 348 761 Yoricus
364 734 404 760 ist
419 734 476 761 mir
491 733 683 766 unbekannt3
700 732 737 759 ob
754 733 852 760 Iorius
867 743 906 754 π
919 732 1047 760 Georius
1061 732 1251 769 (Georgius)·?
1285 733 1450 760 Jedent‘alls
1473 733 1512 758 ist

163 771 340 805 „Yoxieum“
363 772 522 808 viersilbig
547 781 583 799 zu
604 772 696 799 lesen.
718 786 754 790 —
777 769 831 805 8b,
853 769 871 799 3
885 771 1058 798 Corboilum
1081 775 1153 798 statt
1167 772 1341 800 Corbolium
1362 771 1513 799 erseheint

162 810 256 838 durch
281 811 339 838 den
361 811 447 838 Reim
476 811 645 848 geschiitzt3
669 810 788 838 Corbeil
811 809 909 838 besass
932 810 1125 838 bekanntlich
1148 811 1195 838 die
1217 811 1376 846 Reliquieu
1398 811 1448 838 des·
1471 809 1511 835 hl.

161 850 342 886 Exuperius.
394 850 453 877 Die
481 852 618 886 Sequenz
649 849 799 877 erscheint
827 849 903 877 auch
930 850 961 876 in
988 850 1107 877 Corbeil
1134 850 1283 886 gedichtet
1310 859 1346 877 zu
1373 852 1453 881 seim
1483 849 1513 874 in

166 889 291 924 Bayeux
313 888 384 916 saud
407 889 455 916 ich
477 889 521 917 sie
542 889 625 916 nicht
647 897 709 916 vor.
733 905 770 908 —
791 889 865 916 Mel:
889 887 1179 924 Congaudentes
1206 889 1452 917 exsultemus.

432 965 503 997 220.
535 964 569 995 ln
592 965 737 996 Adventu
758 972 783 994 s.
803 962 962 1004 Exuperii
984 964 1020 995 M.
1044 964 1254 1005 Agaunensis.

874 1044 936 1078 1b.
968 1045 1126 1085 Martyris
1153 1046 1284 1086 egregii,

968 1094 1074 1125 Patris
1102 1093 1259 1133 Exuperii

164 1047 224 1079 la.
257 1046 407 1078 Psallant
433 1046 502 1087 regi
528 1046 651 1086 gloriae

260 1094 513 1127 Gemblacenses
539 1094 635 1125 hodie

308 1142 403 1174 Uulci
429 1143 463 1175 in
490 1142 642 1182 melodia,

157 1242 219 1273 22.
254 1239 355 1273 Cuius
382 1248 500 1279 corpus
526 1239 675 1271 inclitum
869 1237 931 1271 2b.
965 1239 1029 1270 Pro
1057 1238 1146 1269 cuius
1174 1239 1359 1278 praeseutia

255 1288 365 1320 Hodie
392 1287 596 1320 reconditum
965 1285 1124 1319 Laetatur
1150 1286 1230 1318 haec
1256 1287 1363 1327 patriai

304 1336 365 1368 Est
392 1339 426 1368 in
452 1337 514 1368 hac
540 1337 688 1377 eeclesia,
1014 1335 1096 1367 Tota
1123 1344 1195 1366 cum
1223 1335 1352 1367 fiduci-21.

155 1435 217 1468 3a.
250 1434 313 1466 Hic
339 1438 386 1465 est
414 1434 628 1475 Exsuperius‚
869 1432 931 1467 3b.
962 1433 1043 1464 Eius
1072 1442 1148 1473 ergo
1176 1432 1330 1472 precibus

254 1484 414 1516 Patronus
442 1480 618 1525 [egregius]
967 1481 1070 1513 Nobis
1098 1482 1195 1513 datur
1220 1481 1368 1513 omnibus

303 1531 490 1564 Praesentis
517 1531 693 1571 ecclesiae3
1015 1530 1096 1570 Spes
1123 1539 1186 1561 non
1216 1539 1317 1570 parva
1345 1531 1467 1568 veniae,

156 1632 217 1663 4a.
252 1630 295 1663 Ut
323 1638 342 1660 a
369 1629 494 1661 cunctis
521 1628 669 1661 hostibus
868 1629 929 1664 4b.
962 1629 1053 1661 Totis
1081 1637 1156 1669 ergo
1185 1629 1307 1660 viribus

254 1678 336 1710 Erui
364 1678 558 1710 confidimus
965 1678 1032 1710 Nos
1058 1678 1090 1710 in
1118 1678 1186 1709 eius
1214 1677 1365 1709 laudibus

301 1726 382 1759 Eius
408 1726 602 1767 patrocinio.
1014 1727 1195 1760 Psallainus
1222 1735 1293 1758 cum
1321 1726 1449 1766 gaudio.

155 1829 214 1859 ὀᾶ.
248 1826 313 1858 Hic
339 1835 421 1857 unus
449 1825 675 1858 Thebaeorum
868 1824 930 1858 bb.
964 1825 1028 1857 Sed
1056 1825 1124 1857 vita
1150 1823 1290 1856 nobilior

250 1875 294 1907 Et
321 1874 457 1915 signifer
483 1884 594 1907 eorum
963 1874 1040 1906 Fuit
1066 1876 1163 1913 atque
1190 1873 1305 1905 melior

299 1922 376 1956 Fuit
401 1929 475 1956 ortu
499 1924 630 1963 nobilis,
1013 1923 1055 1955 Et
1083 1923 1115 1954 in
1142 1921 1207 1954 fide
1233 1920 1371 1955 stabilis

154 2024 216 2058 6³.
250 2022 346 2061 Nalm
375 2022 451 2055 dum
479 2023 604 2064 sprevit
628 2023 718 2056 idola
866 2021 932 2056 6b.
962 2022 1026 2054 Hic
1053 2030 1113 2062 pro
1141 2020 1263 2053 Christi
1290 2019 1418 2050 nomine

254 2072 360 2104 verus
386 2075 421 2104 ut
448 2071 647 2113 christicola,
965 2071 1065 2104 Sacro
1093 2068 1165 2101 fuso
1192 2068 1349 2109 sanguine

303 2119 450 2153 Necatur
475 2121 516 2153 ab
542 2120 673 2163 impiis,
1012 2120 1170 2152 Laetatur
1198 2126 1269 2148 cum
1296 2116 1403 2148 sociis.

154 2220 214 2253 7a.
246 2220 312 2253 Hic
337 2219 381 2252 ad
408 2220 507 2252 vitam
536 2219 664 2253 animae
867 2218 929 2253 7b.
962 2218 1150 2257 Principem
1176 2215 1320 2247 malitiae

250 2269 417 2302 Cei-tando
444 2269 590 2310 legitime
962 2264 1279 2304 Armisfpatientiae

300 2318 456 2351 Pervenit
481 2318 635 2351 feliciter.
1013 2313 1188 2355 Superavit
1214 2311 1356 2344 fortiter.

150 2418 212 2453 8a.
242 2418 308 2451 Hic
330 2426 408 2459 ergo
433 2421 547 2450 noster
572 2421 681 2450 rector
867 2413 930 2449 8b.
963 2413 1009 2446 Ut
1035 2413 1103 2444 eius
1131 2412 1309 2444 sentiamus

249 2468 329 2501 Post
353 2466 459 2499 Deum
487 2470 519 2499 et
543 2469 712 2507 protector

299 2515 349 2549 Sit
373 2515 408 2548 in
433 2515 542 2549 causis
567 2515 730 2555 omnibus,

1015 1141 1167 1173 Colentes
1194 1142 1378 1174 sollemnia.

964 2463 1132 2501 Iuvamen,
1158 2464 1194 2492 ut
1219 2469 1399 2502 speramus,

958 2520 963 2526 ·
1012 2512 1051 2544 In
1077 2510 1338 2543 necessitatibus,
