1654 2756
731 143 997 180 —301—

221 245 285 278 4a.
316 243 399 277 Ossa
425 245 529 276 sancti
557 246 775 285 denudantur,
919 241 988 275 4b.
1020 243 1063 274 At
1090 245 1260 283 torquetur
1283 239 1447 273 Decianus

314 293 442 331 Pulmo‚
470 293 560 326 iecur
586 298 785 331 reserantur,
1018 290 1061 322 Et
1086 294 1244 322 tortorum
1271 288 1357 321 fessa
1384 297 1496 320 manus

364 341 429 374 Sed
461 343 582 382 gaudet
606 342 641 374 in
667 342 834 381 omnibus3
1068 338 1155 381 Plus,
1175 348 1268 379 quam
1284 341 1409 377 martyr
1423 337 1536 377 ungui-

1303 386 1372 419 bus.

219 476 278 505 ba.
313 473 386 514 Igni
413 477 487 512 post
513 473 594 505 haec
618 472 791 510 iudicatus,
923 468 986 503 5b.
1022 468 1321 512 „Quidtardatis?“
1344 468 1464 500 vadens
1479 469 1535 506 ait,

318 521 413 562 Pugil
442 520 536 554 fortis
563 531 626 554 non
653 525 795 552 moratus
1021 518 1092 550 Non
1109 522 1155 549 est
1170 522 1306 557 tractus,
1325 517 1421 548 immo
1437 517 1539 548 trahit

367 571 492 609 Raptus
519 579 559 602 ex
585 569 712 601 eculeo:
1070 566 1223 598 Tortores
1250 566 1405 606 patibulo.

215 653 279 686 Ga.
311 652 449 684 Ferrum
462 651 604 683 candens
616 650 835 682 ultroscandit
923 647 986 682 eb.
1018 648 1158 680 Mordax
1186 649 1232 680 sal
1258 650 1290 680 in
1313 657 1426 679 carnes
1446 648 1536 683 furit.

314 700 359 732 Et
387 700 429 732 ad
448 699 553 731 Deum
580 708 692 732 manus
719 699 838 739 pandit
1021 698 1101 729 Ossa
1129 697 1271 729 candens
1299 697 1381 736 ignis
1411 698 1486 732 urit,

370 748 475 781 Orans
502 757 580 780 voce
607 747 730 788 libera;
1066 746 1196 778 Ardent
1223 744 1294 777 fusa
1322 745 1456 778 viscera.

217 831 279 865 va.
312 830 377 863 Cor
404 830 561 862 abhorret
587 831 666 863 haec
694 831 823 872 videre3
921 831 983 864 7b.
1015 833 1134 864 Tortor
1162 833 1264 864 victus
1292 831 1388 863 deute
1407 832 1535 873 stridet,

318 880 402 917 lesu,
429 880 532 911 nostri
561 880 726 918 miserere,
1017 882 1158 921 Quisque
1177 882 1249 920 pius
1267 880 1333 919 flet,
1363 881 1416 920 qui
1435 881 1536 919 videt,

314 929 375 969 Qui
402 928 570 968 nequimus
596 928 757 960 sustinere
1020 930 1113 961 Solus
1141 934 1264 969 martyr
1291 929 1343 970 pie
1371 929 1458 961 ridet

365 976 505 1009 Verbum
533 982 629 1009 vento
656 977 795 1009 mollius.
1068 978 1103 1009 In
1132 981 1177 1009 tot
1205 980 1317 1018 poenis
1345 978 1479 1017 positus.

216 1061 279 1093 Sa.
313 1059 389 1091 Post
417 1057 496 1090 haee
522 1068 634 1090 carcer
660 1063 834 1096 reseratur,
922 1058 984 1091 8b.
1020 1059 1138 1090 Lectus
1177 1060 1281 1091 mollis
1308 1064 1534 1099 praeparatur,

318 1108 424 1139 Locus
450 1111 555 1138 taeter
580 1108 764 1139 illustratur
1019 1109 1055 1140 In
1082 1117 1144 1146 quo
1170 1113 1300 1140 sanctus
1327 1108 1515 1147 collocatur,

363 1156 499 1188 Demum
527 1165 547 1187 a
573 1155 761 1188 tortoribus,
1067 1156 1115 1188 Ne
1142 1157 1296 1188 multetur
1322 1157 1473 1196 amplius,

215 1240 277 1271 9³.
310 1239 400 1270 Iacet,
432 1246 548 1277 corpus
580 1241 830 1278 concrematum,
915 1235 976 1269 9b.
1010 1238 1069 1276 Qui
1097 1237 1143 1267 sic
1171 1238 1258 1269 videt
1287 1238 1464 1270 cruciatum

313 1287 432 1318 Pectus
457 1291 546 1326 patet
574 1287 761 1326 laceratum,
1013 1286 1055 1317 Et
1083 1294 1143 1324 pro
1171 1295 1205 1317 se
1233 1286 1509 1326 transfiguratum,

363 1334 428 1367 Sed
465 1335 654 1375 redemptor
679 1335 831 1374 omnium,
1065 1334 1119 1367 Fit
1148 1339 1224 1366 tunc
1250 1334 1471 1374 refrigerium.

193 1418 238 1451 10
250 1427 279 1451 a.
312 1417 408 1457 Nam,
437 1417 490 1456 qui
517 1421 620 1448 certat
647 1416 677 1448 in
705 1427 819 1459 agone,
894 1416 980 1449 lob.
1013 1417 1128 1449 Finem
1158 1416 1236 1448 facis
1265 1418 1305 1449 de
1333 1418 1456 1453 dolore,

314 1466 506 1506 Coronatur,
535 1467 608 1497 Iesu
635 1464 728 1506 bone,
1018 1466 1113 1498 Ponis
1141 1472 1258 1498 metam
1286 1468 1318 1498 in
1347 1467 1458 1498 labore

362 1516 426 1548 Pro
452 1518 484 1545 te
511 1514 645 1546 tradens
667 1515 831 1554 spiritum.
1066 1515 1155 1547 Dans
1181 1515 1324 1547 athletae
1352 1515 1510 1551 bravium.

193 1597 234 1631 11
246 1606 275 1630 a.
308 1597 426 1629 Vivens
451 1595 557 1635 ignem
585 1597 764 1637 superavit,
898 1596 938 1629 11
955 1596 986 1631 b.
1018 1597 1086 1629 Nos
1114 1598 1197 1629 hunc
1221 1598 1375 1630 mundum
1399 1598 1451 1630 det
1473 1600 1539 1631 eal-

314 1645 424 1678 Funus
448 1654 538 1676 mare
564 1647 783 1678 transnatavit
1307 1655 1392 1687 care,

362 1697 522 1727 Intactum
549 1703 568 1725 a
595 1693 739 1727 canibus.
1018 1695 1167 1735 Hostem,
1196 1705 1325 1727 carnem
1349 1705 1507 1736 superare

1064 1743 1153 1776 Deus
1180 1745 1248 1776 eius
1276 1745 1442 1786 precibus.

269 1817 408 1857 Sequent.
438 1829 491 1847 ms.
512 1820 757 1848 Praedicatorum
786 1830 862 1849 saec.
892 1819 936 1848 15.
959 1821 1030 1848 Cod.
1054 1822 1269 1857 Stuttgardien.
1296 1822 1335 1850 lb
1358 1822 1404 1849 49.
1427 1838 1463 1841 —
1485 1823 1538 1856 4b,

191 1856 210 1886 2
230 1859 311 1886 fassa
333 1868 448 1887 manus.
470 1875 509 1879 -—
529 1857 586 1893 8b,
609 1858 627 1887 3
649 1860 801 1888 multatur.
824 1875 862 1880 -
883 1858 934 1893 91³,
958 1859 975 1888 2
997 1859 1015 1888 l.
1037 1862 1332 1889 transverberatum?

490 1953 556 1985 332.
598 1955 641 2020 De
665 1963 706 1985 ss.
729 1954 907 1992 Vincentio,
929 1956 1057 1995 Sabina,
1080 1956 1249 1988 Chi-istete.

661 2030 691 2062 1.
720 2028 929 2071 congaudeat
955 2029 1052 2062 hodie

720 2077 865 2111 fidelium
893 2083 1034 2117 caterva,

190 2155 250 2190 2³.
286 2155 392 2197 Digne
417 2160 602 2188 sanctorum
893 2157 959 2191 2b.
991 2158 1164 2200 Vincentii‚

288 2204 463 2238 recolendo
490 2210 670 2246 martyrum
991 2207 1130 2239 Sabinae
1156 2211 1189 2239 et
1213 2208 1397 2241 Christetae

286 2254 474 2287 veneranda
993 2257 1174 2290 sollemnia.

190 2338 249 2372 3a.
281 2338 343 2379 Qui
369 2344 540 2379 sequentes
568 2338 691 2372 Christi
895 2339 958 2374 3b.
995 2340 1093 2373 Cuius
1118 2339 1263 2373 roborati

285 2387 424 2429 vestigia
992 2393 1024 2421 et
1049 2390 1155 2431 gratia

285 2437 400 2469 mundi
424 2436 520 2469 buius
990 2439 1150 2481 martyrio

288 2490 554 2526 contempserunt
579 2487 717 2528 gaudia:
991 2488 1200 2521 tradiderunt
1228 2498 1376 2530 corpora.
