1654 2756
188 325 247 357 la.

187 460 250 491 2a.

187 642 248 676 3a.

185 780 245 810 4a.

187 964 245 993 521.

189 1096 250 1128 fia.

190 1635 249 1667 22.

190 1713 249 1744 32.

189 1839 249 1870 4a.

190 1966 249 1997 5³.

189 2140 249 2171 62.

728 146 967 182 ..74-

549 240 597 273 63.
631 242 674 272 De
694 239 915 281 compassione
936 241 1054 272 Boutae
1075 240 1140 272 MV.

275 323 392 362 Maria,
419 323 600 356 stationalis

324 371 436 413 Stella,
464 381 527 403 non
554 371 704 411 erratica,

278 458 365 489 Nece
392 459 459 490 nati
488 458 677 494 cruentaris,

275 506 354 538 Eius
382 507 486 547 plagis
513 506 705 548 vulneraris,

324 555 451 586 Lancea
477 555 685 595 prophetica3

275 642 363 682 Ergo
391 643 464 681 piae
492 642 532 673 de
558 641 683 673 Mariae

327 690 463 722 Planctu
490 690 590 721 corda
616 689 766 730 scindite,
813 728 825 745 a

274 777 349 808 Vita
376 777 487 809 mundi
515 777 590 808 dum
619 776 781 813 discessit,

275 825 418 857 Mundus
438 825 559 864 tremit,
587 824 634 855 sol
652 823 815 863 pallescit,

324 873 425 912 Lapis
452 874 594 904 clamans
620 871 794 910 scinditur3

275 959 418 991 Granum
445 964 552 991 terrae
573 959 816 990 commendatur

323 1007 415 1040 Trita
442 1008 550 1039 cordis
577 1007 682 1047 palea,

278 1094 360 1126 Nam
389 1094 534 1126 infernus
561 1094 731 1134 spoliatur,

276 1143 362 1174 Reus
388 1143 465 1174 inde
491 1142 659 1181 liberatur,

885 322 945 356 lb.

884 457 946 492 2b.

886 641 945 675 3b.

885 776 945 810 4b.

886 959 945 992 5b.

973 323 1068 354 quta
1093 331 1221 354 crucem
1247 319 1452 354 contristaris

1021 370 1070 402 De
1097 369 1213 402 fraude
1239 369 1382 403 Iudaica.

974 458 1049 499 Sed,
1078 467 1159 498 quae
1176 461 1280 489 morte
1299 455 1517 494 conturbaris,

972 506 1052 538 Eius
1079 507 1147 538 vita
1172 504 1347 547 gratularis

1022 554 1133 586 Verba
1158 563 1218 594 per
1243 553 1402 594 angelica.

975 642 1056 675 Cum
1083 651 1145 681 qua
1171 641 1248 673 Sion
1274 641 1383 680 lugent
1410 640 1481 671 viae

1023 690 1138 722 Fixum
1168 690 1273 721 crucis
1300 689 1422 729 stipite.

974 777 1103 809 Veritas
1130 785 1204 808 nam
1229 776 1263 807 in
1289 776 1408 815 plateis

975 825 1063 863 Ruit,
1091 828 1123 855 et
1149 833 1168 855 a
1195 823 1376 863 pharisaeis

1027 872 1183 911 Aequitas
1211 871 1383 904 deseritur.

974 959 1027 1001 Et,
1057 959 1132 990 dum
1159 958 1206 989 sic
1231 958 1480 998 multiplicatur,

1023 1007 1236 1046 Adimpletur
1261 1015 1350 1040 area.

889 1095 949 1127 6b.
977 1096 1082 1127 Homo
1107 1094 1222 1134 surgit,
1249 1094 1422 1132 animatur,

977 1143 1093 1176 Caelos
1123 1142 1263 1182 scandit,
1291 1143 1455 1174 exaltatur

636 1220 664 1251 7.
694 1220 730 1250 In
759 1223 894 1258 paterna
919 1220 1033 1259 gloria.

257 1305 391 1331 Oration.
415 1313 467 1331 ms.
491 1304 520 1330 S.
542 1304 624 1330 Petri
646 1304 885 1338 &ausburgensis
909 1313 985 1332 saec.
1010 1302 1053 1331 16.
1095 1304 1167 1331 Cod.
1189 1304 1302 1331 Petrin.
1325 1312 1343 1331 a
1364 1305 1409 1332 111
1425 1302 1520 1331 20.—

180 1342 230 1372 la,
255 1342 267 1369 1
299 1343 469 1369 stationalis
497 1351 592 1378 gegen
622 1342 678 1368 den
700 1343 800 1374 Reim3
831 1342 868 1368 ob
899 1344 1072 1370 stationaris
1095 1354 1131 1363 =
1154 1343 1355 1370 stationaria?
1377 1358 1412 1362 —
1435 1342 1520 1370 steht

180 1385 268 1408 unter
290 1381 472 1416 Sequenzen‚
498 1390 581 1407 wozu
603 1380 679 1407 auch
701 1381 801 1407 Inhalt
822 1381 883 1408 und
905 1382 992 1408 Form
1015 1390 1132 1417 passen.

613 1475 661 1504 64.
696 1473 728 1504 ln
753 1474 972 1515 Assumptione
995 1475 1082 1505 mlv.

646 1556 676 1589 1.
704 1555 795 1586 Haec
822 1560 869 1586 est
897 1560 1009 1588 sancta

279 1633 483 1665 Sollemnitas
508 1633 632 1665 cunctis
659 1633 806 1675 colenda,

278 1711 354 1749 Ipsa
382 1711 499 1742 etenim

277 1764 309 1790 ut
337 1759 455 1798 gaudia

278 1836 407 1868 Domini

278 1888 389 1916 secuta
416 1888 464 1916 est
490 1884 641 1924 vestigia;

277 1961 447 2002 Supplices
473 1962 536 1993 iam
564 1961 654 1993 cuius

280 2011 494 2051 deprecamur
519 2010 611 2041 nobis

277 2069 295 2091 a
321 2063 354 2090 te
380 2059 480 2090 tribui
507 2058 669 2099 suffragia,

280 2137 343 2170 Ubi
371 2136 537 2169 videamus
562 2144 669 2176 regem

277 2185 381 2216 beatis
407 2185 555 2217 omnibus

277 2234 449 2265 donantem

277 2292 295 2314 a
321 2291 355 2313 se
381 2282 525 2321 praemia
552 2281 768 2322 repromissa;

890 1633 947 1666 2b.

887 1711 946 1745 3b.

887 1837 947 1871 4b.

889 1963 949 1996 bb.

889 2137 949 2170 612.

977 1634 1097 1666 Beatae
1124 1633 1250 1665 Mariae
1278 1634 1397 1667 dicata.

975 1711 1235 1750 Consequeretur

977 1759 1140 1801 caelestia,

979 1837 1113 1877 Adepta

977 1885 1100 1917 ideirco
1131 1886 1211 1917 caeli
1239 1888 1395 1926 praemia.

979 1965 1154 2004 Compotes
1181 1973 1316 2004 quorum
1345 1966 1441 2006 digne

978 2021 1157 2044 mereamur
1183 2013 1256 2044 aula

979 2061 1130 2101 claraque
1156 2062 1254 2101 potiri
1282 2061 1403 2096 sidera.

978 2137 1098 2176 Quibus
1125 2139 1289 2170 munerari
1315 2149 1379 2172 una

973 2187 1098 2218 alacres
1131 2196 1285 2226 queamus

975 2235 1080 2274 gratia

975 2283 1068 2314 nobis
1094 2283 1252 2323 largiatur
1280 2284 1401 2321 divina.

590 2359 621 2392 7.
648 2359 863 2399 Imploramus
890 2368 984 2400 nunc,
1011 2364 1124 2392 sancta

644 2407 798 2448 pronobis
825 2412 960 2447 precata

647 2456 776 2489 Christo
803 2454 932 2496 fundas,
