1654 2756
732 155 998 190 —125—

604 254 637 287 9.
665 252 711 284 Te
739 253 831 294 duce,
860 253 950 294 virgo
978 230 1094 285 Maria.

269 326 412 355 Cantion.
440 337 496 355 ms.
518 328 712 357 Bohemieum
740 330 811 357 anni
840 327 925 357 1512.
968 329 1041 357 cod.
1062 328 1140 356 Mus.
1162 329 1283 356 Bohem.
1305 328 1381 356 XIII
1402 328 1429 353 A
1450 325 1478 354 2.
1500 341 1536 346 —

189 365 249 393 Mit
269 365 414 401 Melodi03
442 367 573 395 namlich
599 369 742 403 „Iustus
770 372 808 396 ut
834 369 959 404 palma
979 366 1124 400 maior“,
1146 367 1263 395 worauf
1279 367 1328 394 die
1349 365 1535 395 Notkersche

191 404 328 442 Sequenz
351 405 499 441 „Sancti
522 406 721 443 Baptistae
743 407 887 435 Christi
914 405 1133 444 praeconis“
1157 406 1309 443 gedichtet
1330 408 1381 438 ist;
1412 405 1534 433 letztere

190 444 302 472 bildete
334 446 366 472 in
399 445 498 473 vielen
526 445 724 481 Wendungen
754 446 802 474 die
830 446 960 482 Vorlage
992 446 1039 473 fiir
1066 445 1149 473 diese
1177 445 1381 481 Umdiehtung
1409 445 1463 472 auf
1486 443 1534 471 die

190 483 416 512 Gottesmutter.
440 498 476 503 —
506 482 561 517 312,
581 482 600 512 3
627 486 793 521 signarunt.
819 499 852 503 —
881 483 933 518 3b‚
954 483 973 511 4
996 485 1083 520 utqui
1104 485 1170 512 tibi.
1195 499 1232 504 -
1253 483 1307 517 4b,
1332 484 1344 511 1
1368 484 1471 520 fulges.
1498 497 1534 501 —

189 520 244 555 411,
266 520 285 549 2
306 531 420 559 pauper
441 526 515 550 statt
535 523 653 559 gaudet.
675 538 712 541 —
733 521 791 556 6b,
813 521 830 550 2
852 523 894 551 Ut
915 526 1036 551 iustum.

648 625 709 658 130.
744 628 785 658 De
810 626 908 657 Beata
931 626 1032 657 Maria
1055 627 1088 657 V.

200 698 260 731 la.
288 697 314 729 O
342 698 437 730 beata
464 698 644 739 beatorum,
904 699 960 731 lb.
990 698 1016 730 Ο
1044 698 1160 729 devote
1185 697 1360 729 recolenda

338 746 499 787 virginum
526 747 750 786 sanctissima;
1038 746 1171 779 laudum
1200 743 1288 789 [per]
1316 745 1495 780 sollemnia.

199 834 261 868 2a.
290 833 408 875 Digna,
437 833 544 875 dignis
571 833 676 876 fulges
703 835 804 876 signis
902 833 961 866 2b.
990 833 1077 865 Hinc
1102 836 1135 864 te
1162 841 1291 874 semper
1317 833 1534 865 condecenter

338 883 383 915 Et
406 881 504 915 flores
530 883 718 917 virtutibus,
1040 883 1240 914 Veneremur
1266 881 1428 915 laudibus,

199 972 258 1004 3³..
288 970 380 1013 Fide,
409 973 495 1009 voto,
523 971 621 1002 corde
647 974 715 1002 toto
903 969 965 1002 3b.
995 969 1184 1010 Credidisti,
1212 969 1352 1009 genuisti

338 1019 504 1051 Gabrielis
530 1019 678 1050 nuntium
1039 1017 1242 1049 Salvatorem
1270 1018 1424 1050 omnium.

197 1107 259 1138 4a.
288 1105 466 1143 Carcerati‚
494 1105 650 1137 trucidati
902 1104 962 1137 4b.
992 1103 1199 1144 Suspirumus
1227 1107 1259 1134 et
1286 1104 1461 1135 clamamus

335 1155 372 1185 In
399 1153 485 1184 valle
510 1153 661 1185 miseriae
1039 1151 1093 1184 Ad
1120 1156 1162 1192 te,
1190 1156 1327 1183 matrem
1355 1153 1490 1192 gratiae.

196 1243 258 1275 5a.
285 1239 370 1272 Dum
399 1239 465 1271 sint
491 1239 568 1272 torti
596 1240 646 1271 vel
671 1239 818 1280 absorpti
901 1240 960 1273 5b.
990 1239 1532 1280 Faccontemptummundanorum

333 1288 544 1329 Propinando
570 1288 668 1327 vitiis,
1038 1288 1106 1321 Nos
1134 1288 1255 1320 habere
1280 1289 1399 1330 iugiter

284 1336 330 1369 Ut
356 1337 461 1377 erepti
488 1341 519 1368 et
544 1337 656 1378 adepti
990 1337 1035 1370 Et
1060 1338 1092 1369 in
1121 1337 1228 1369 choris
1255 1338 1442 1378 angelorum

334 1386 398 1418 Per
423 1388 456 1417 te
482 1385 716 1420 reviviscimus,
1039 1386 1159 1417 Vivere
1184 1387 1384 1426 perenniter.

194 1475 256 1507 6a.
283 1473 394 1512 Virgo,
422 1476 527 1506 mater
554 1473 677 1506 Christi
707 1472 794 1506 facta
902 1473 962 1507 eb.
990 1474 1089 1513 Apud
1114 1472 1280 1506 Christum
1309 1480 1383 1505 vota
1410 1478 1523 1506 nostra

330 1521 387 1561 Es,
416 1527 452 1555 ut
478 1523 511 1554 in
536 1522 731 1554 caelestibus
1038 1523 1234 1555 Promoveas
1261 1523 1424 1562 precibus.

191 1611 248 1645 7a.
279 1609 323 1642 Ut
352 1612 426 1650 post
452 1609 545 1641 huius
573 1608 669 1641 finem
694 1610 780 1642 vitae
900 1610 957 1644 7b.
988 1611 1024 1642 In
1052 1610 1188 1650 perenni
1218 1618 1399 1642 mereamur

331 1659 394 1691 Per
420 1662 476 1690 tua
502 1657 655 1698 suffragia
1037 1658 1186 1691 Exaltari
1214 1659 1328 1700 gloria.

261 1744 346 1773 Cant.
379 1754 431 1773 ms.
463 1746 658 1774 Bohemicum
687 1747 758 1773 anni
790 1744 871 1773 1512.
921 1746 993 1774 Cod.
1023 1746 1100 1773 Mus.
1130 1745 1252 1774 Bohem.
1287 1747 1360 1774 XIII
1391 1747 1414 1773 A
1442 1745 1468 1774 2.
1498 1761 1535 1765 -

184 1783 233 1818 la,
249 1783 267 1812 2
288 1784 471 1812 beatissima.
494 1800 531 1804 —
553 1782 606 1817 32,
628 1784 646 1812 2
668 1784 808 1813 Gabriele
830 1787 945 1814 nuntio.
970 1800 1005 1804 —
1028 1784 1079 1819 5a,
1101 1782 1118 1812 2
1139 1785 1332 1822 Propinando
1355 1786 1472 1822 virgini.
1496 1801 1534 1805 —

181 1822 236 1890 ΕΙΞΞ,
257 1823 376 1891 ΙΝΞΕτξὲ
398 1827 501 1852 mater.
526 1838 559 1843 —-
589 1824 732 1852 Melodie:
761 1826 786 1853 Ο
807 1826 916 1853 beata
942 1826 1143 1853 beatorum.
1165 1839 1202 1844 —
1224 1825 1291 1861 Vgl.
1315 1825 1401 1852 Anal.
1424 1826 1533 1861 Hymn.

232 1883 238 1896 ,
305 1883 312 1890 .
375 1885 381 1891 .

637 1939 692 1970 131.
726 1939 767 1970 De
790 1939 890 1971 Beata
913 1939 1016 1971 Maria
1037 1940 1071 1971 V.

180 2011 197 2044 1
219 2020 249 2044 a.
279 2011 392 2043 Vellus
419 2010 583 2044 Gedeonis
895 2013 955 2047 lb.
984 2013 1029 2045 Ut
1056 2012 1159 2045 vellus
1190 2013 1315 2045 maduit

329 2061 463 2093 Partum
489 2060 672 2094 mirabilem
1031 2062 1082 2094 De
1109 2061 1243 2095 caelesti
1271 2071 1354 2093 rore.

232 2109 236 2113 ’
280 2109 509 2150 Praesignavit
533 2109 627 2142 nobis
981 2110 1037 2143 Sie
1063 2111 1154 2151 virgo
1179 2110 1324 2150 parturit

328 2159 438 2200 Atque
464 2158 665 2191 laudabilem
1032 2159 1169 2192 Servato
1196 2158 1322 2200 pudore

378 2207 523 2248 Virginis
550 2207 695 2241 Mariae:
1081 2207 1253 2240 Dominum
1282 2208 1415 2247 gloriae.

188 2295 250 2331 2a.
276 2295 389 2328 Aaron
415 2299 450 2328 ut
478 2297 606 2339 virgula
893 2295 954 2330 2b.
984 2295 1037 2327 Sic
1064 2296 1156 2335 virgo
1183 2295 1288 2338 beata,

277 2343 411 2378 Profert
436 2345 622 2387 amygdala,
985 2344 1135 2385 Desuper
1161 2344 1282 2376 adflata

325 2393 375 2426 Sit
400 2393 480 2427 licet
504 2394 609 2435 arida,
1036 2393 1122 2425 Divo
1149 2393 1337 2435 spiramine,

325 2443 381 2476 Fit
405 2446 514 2476 tamen
540 2441 659 2476 flon'da
1034 2441 1104 2474 Abs
1132 2442 1194 2474 viri
1221 2442 1343 2476 semine

373 2493 504 2525 Virtute
532 2492 655 2530 divina,
1082 2491 1172 2523 Parit
1201 2492 1232 2524 vi
1260 2493 1380 2527 divina.
