1654 2756
724 143 979 180 —254—

183 250 243 281 4a.
277 247 376 288 Virgo
402 244 527 285 spernit
552 252 612 276 nec
637 243 784 283 obaudit,

282 296 391 336 Ipsam
421 294 519 325 durus
546 301 659 324 carcer
684 291 818 334 claudit,

329 345 431 384 Quam
458 345 596 382 temptat
623 340 783 373 diabolus.

190 444 248 475 53.
281 442 368 480 Quae
395 439 435 472 de
461 439 533 479 ipso
559 437 772 478 triumphavit

283 490 326 522 Et
351 490 385 521 in
412 492 533 519 terram
560 486 760 519 conculcavit

332 537 405 570 Suis
433 535 554 568 sanctis
581 535 732 575 pedibus.

189 637 248 668 6a.
280 634 383 665 Ferro
411 631 540 663 tandem
566 631 739 670 iugulatur,

286 682 481 722 Angelorum
509 679 651 710 sociatur

335 727 487 761 Coetibus
513 727 546 758 in
573 727 695 767 gloria3

877 239 943 274 4b.
973 238 1122 272 Daemon
1147 239 1238 271 venit
1262 239 1297 271 in
1321 239 1521 278 serpentem,

978 287 1045 320 Sed
1076 287 1159 320 haec
1185 287 1254 320 eius
1280 287 1348 320 exit
1373 287 1522 318 ventrem

1027 336 1082 369 Sic
1107 336 1223 370 illaesa
1247 335 1390 377 penitus.

883 434 946 468 5b.
979 434 1079 474 Virgo
1104 433 1226 467 Christi
1244 433 1410 466 Christum
1436 433 1521 472 orat,

978 482 1033 520 Et,
1062 482 1137 514 dum
1161 482 1260 514 draco
1285 482 1391 522 ipsam
1419 482 1523 519 vorat,

1031 530 1148 562 Statim
1175 530 1280 570 erepit
1306 529 1444 561 medius.

884 629 904 660 6
916 627 947 659 b.
980 627 1081 666 Quam
1088 626 1245 658 concedat
1254 626 1348 658 nobis
1358 625 1520 663 Christus,

979 675 1040 714 Qui
1066 685 1083 707 a
1110 679 1205 716 patre
1231 674 1324 706 nobis
1351 673 1470 705 missus

1029 723 1211 755 Renovavit
1239 723 1357 756 omnia.

267 816 406 849 Sequent.
429 811 668 839 1ns.Sedunen.-<e
691 820 766 837 ⁴saec.
792 809 827 837 14
847 811 876 836 et
900 807 944 835 15.
966 808 1037 836 Cod.
1054 807 1151 844 Capit.
1167 809 1307 836 Sedunen
1329 816 1352 834 5.
1374 817 1402 834 n.
1426 806 1482 839 la,
1507 804 1521 832 1

192 854 210 880 l.
232 854 435 888 Margaritae?

606 923 674 954 283.
706 923 748 954 De
770 923 880 953 sancta
902 919 1099 960 Margareta.

200 1020 215 1050 1
229 1028 257 1050 a.
292 1016 495 1050 Christianae
518 1015 725 1053 Margaretae

291 1063 520 1097 Sollemnizent
546 1061 658 1102 plebes
685 1063 789 1093 laetae

339 1113 456 1144 Sancta
482 1110 640 1148 natalitia7

200 1211 260 1242 23.
291 1209 368 1240 Post
395 1206 562 1239 decessum
589 1205 764 1246 genetricis

293 1255 455 1295 Ampliori
481 1253 516 1286 fit
543 1253 678 1285 nutricis

343 1304 424 1335 Fota
452 1302 626 1334 desiderio.

202 1402 260 1434 33.
293 1400 395 1439 Hanc,
426 1399 554 1429 alumna
581 1398 656 1429 dum
674 1402 828 1435 moratur,

295 1449 430 1480 Praeses
456 1451 548 1477 atrox
576 1446 813 1485 contemplatur

344 1496 379 1527 In
405 1494 576 1533 pascendis
603 1494 727 1526 ovibus.

201 1595 259 1624 43.
293 1591 356 1624 Sed
383 1599 519 1623 accensa
546 1590 614 1622 zelo
640 1591 720 1623 Dei:

300 1637 513 1681 „Miserere“‚
542 1639 673 1678 promit,
705 1639 798 1680 „mei7

344 1688 416 1719 Rex
443 1687 615 1722 caelorum,
641 1687 791 1728 Domine,

204 1786 264 1816 53.
298 1784 388 1815 Haec
414 1783 534 1814 relatus
561 1787 594 1813 ut
622 1783 780 1821 Quiritum

302 1831 428 1872 Sparsit
454 1831 569 1870 pernix
595 1831 627 1861 in
655 1831 800 1863 auditum

344 1879 482 1912 Minacis
509 1878 646 1919 Olybrii,

207 1978 266 2009 611.
300 1976 440 2016 Lampas
466 1984 548 2015 vaga
575 1984 644 2006 cum
672 1975 823 2008 Phoebea

298 2025 423 2056 Pressit
449 2027 546 2065 astra,
576 2027 726 2055 constans
752 2032 789 2055 ea

348 2071 519 2104 Tribunali
541 2072 658 2104 iudicis

212 2179 266 2204 13.
296 2170 455 2202 Insudant
481 2172 620 2201 tortores
646 2169 758 2210 magis⁷

302 2217 497 2258 Infliguntur
523 2217 637 2258 plagae
664 2217 779 2258 plagis,

349 2265 447 2300 Unda
472 2270 582 2298 manat
605 2266 780 2307 sanguinis.

207 2364 268 2397 Sa.
301 2364 423 2396 Iterato
449 2363 590 2404 glorioso

300 2413 386 2444 Vase
413 2411 522 2444 clauso
547 2411 719 2444 tenebroso

350 2461 499 2493 Carceris
528 2460 692 2502 ergastulo

888 1010 951 1043 1b.
985 1011 1118 1043 Tenen's
1146 1011 1205 1043 sub
1232 1012 1324 1042 annis
1352 1008 1465 1040 mundi

984 1060 1214 1091 Blandimenta
1240 1057 1411 1091 furibundi

1031 1109 1118 1148 Quae
1145 1108 1237 1140 trivit
1262 1107 1381 1139 inania.

888 1204 952 1238 2b.
984 1205 1022 1236 In
1048 1213 1167 1236 areana.
1193 1204 1302 1235 cordis
1329 1203 1413 1233 cella

986 1251 1112 1284 Cultrix
1138 1252 1280 1284 Messiae
1306 1251 1418 1292 puella

1035 1300 1133 1332 Patre
1157 1299 1218 1332 fuit
1244 1301 1364 1332 nescio,

890 1397 953 1431 3b.
985 1397 1072 1437 Quae
1098 1397 1150 1437 sit,
1178 1401 1328 1437 prompte
1358 1394 1529 1434 requisivit

986 1447 1035 1477 Ac
1061 1446 1094 1476 in
1121 1446 1287 1485 coniugem
1313 1443 1429 1485 petivit

1035 1493 1211 1534 Missisque
1237 1492 1405 1525 militibuS.

891 1590 956 1624 4b.
989 1589 1155 1630 Inquinari
1182 1590 1359 1629 margarita

988 1637 1062 1669 Tibi
1089 1641 1177 1669 caste
1204 1637 1366 1669 custodita

1038 1686 1089 1717 Ne
1116 1689 1211 1726 queat
1238 1685 1278 1717 ab
1305 1684 1482 1717 hominef.

895 1781 957 1817 5b.
988 1781 1218 1814 Debacchatur
1244 1791 1333 1814 more
1363 1780 1464 1823 ferae,

989 1830 1101 1862 Taetri
1127 1831 1284 1862 mandans
1306 1831 1396 1862 illam
1425 1839 1517 1862 serae

1039 1879 1174 1911 Servent
1201 1884 1236 1911 ut
1262 1879 1408 1920 hospitii.

896 1975 959 2010 6b.
994 1975 1137 2016 Sistitur‚
1165 1976 1223 2008 sed
1250 1976 1436 2009 consentire

992 2023 1123 2066 Sprevit
1149 2024 1223 2065 ipsi,
1251 2028 1405 2066 torquent
1434 2025 1507 2057 dire

1040 2073 1157 2105 Manus
1184 2073 1268 2106 hanc
1294 2072 1469 2106 carnificis.

901 2169 960 2202 7b.
993 2170 1127 2202 Intuens
1154 2169 1235 2202 haec
1261 2180 1341 2211 gens
1368 2174 1515 2202 terretur

997 2216 1212 2258 Circumfusa,
1239 2227 1300 2251 nec
1326 2223 1478 2252 movetur

1046 2266 1170 2299 Stabile
1193 2275 1250 2298 cor
1275 2267 1423 2309 virginis.

901 2362 964 2397 8b.
996 2361 1082 2395 Rufo
1107 2372 1207 2396 vorax
1234 2363 1271 2396 fit
1296 2369 1482 2406 prostratus

997 2411 1041 2444 Et
1067 2415 1199 2444 antroso
1226 2414 1410 2446 vinculatus

1046 2460 1149 2493 Velox
1175 2461 1208 2494 in
1233 2462 1384 2498 latibulo.
