1654 2756
686 165 731 172 —
785 146 852 182 117
905 167 949 172 —

602 241 667 273 120.
702 241 743 273 De
764 240 862 274 Beate
883 240 985 273 Maria
1007 241 1042 272 V.

160 321 220 356 la.
248 322 331 362 Ave,
359 321 458 363 plena
483 322 598 365 gratia,

248 371 407 404 Genetrix
435 371 574 413 egregia,

295 419 397 452 Sedes
423 420 528 452 sancti
554 419 707 460 spiritus;

156 513 217 545 2a.
245 512 328 554 Ave,
357 511 447 553 virgo
472 511 643 552 virginum,

245 560 293 592 De
319 569 383 600 qna
408 561 495 593 salus
522 559 686 592 hominum

292 609 459 642 Processit
485 607 661 646 divinitus3

156 701 218 734 3a.
246 702 328 739 Ave,
355 709 439 741 quae
463 709 523 742 per
549 698 652 732 filiurn

243 748 378 782 Sacrum
403 748 625 789 septenarium

290 797 453 838 Propinas
480 797 684 837 humanitus;

157 893 216 925 4a.
244 891 327 930 Ave,
355 893 450 931 porta
476 890 609 930 gloriae,

245 940 333 979 Quae
363 938 464 971 solem
492 938 635 970 iustitiae

293 987 418 1020 Mundo
445 987 558 1027 prodis
584 987 740 1026 caelitus;

155 1083 216 1114 5a.
245 1081 327 1119 Ave,
357 1079 447 1112 cuius
475 1080 581 1119 pretio

241 1128 338 1160 Omni
362 1127 478 1168 plenus
503 1127 621 1168 gaudio

291 1175 359 1217 Fit,
387 1184 458 1207 cum
486 1176 588 1215 adest,
617 1174 736 1208 obitus.

860 323 919 356 lb.
949 323 1045 356 Cuius
1073 321 1196 355 fructus
1224 323 1307 355 uteri

947 371 1108 411 Dignatus
1135 376 1185 413 eq
1210 371 1281 404 fieri

996 419 1103 452 Patris
1129 420 1322 461 unigenitus

858 511 917 545 2b.
946 511 1044 544 Cuius
1072 509 1180 543 fructu
1207 512 1372 552 panditur,

946 559 1005 600 Qui
1034 569 1093 599 per
1118 559 1221 592 Evam
1249 559 1422 600 clauditur,

1000 607 1177 640 Libertatis
1203 608 1323 643 aditus⁸

859 699 920 733 3b.
947 698 998 731 De
1024 700 1114 731 cuius
1140 700 1285 732 sacrario

948 746 1090 780 Futurus
1117 748 1239 780 oblatio

996 795 1157 829 Sacerdos
1183 801 1231 829 est
1255 797 1373 830 editus,

861 889 922 922 4b.
949 889 1016 922 Soli
1043 890 1112 922 Deo
1138 891 1261 930 pervia,

948 938 1012 970 Per
1037 947 1133 978 quam
1161 938 1201 969 de
1225 939 1358 971 miseria

997 985 1051 1017 Fit
1077 987 1119 1018 ad
1148 987 1246 1019 vitam
1275 986 1410 1021 reditus.

860 1078 920 1112 5b.
949 1078 1027 1117 Nos,
1055 1088 1073 1110 ο
1101 1079 1164 1119 pia,
1194 1077 1329 1111 confove

948 1126 992 1158 Et
1017 1127 1060 1158 ad
1085 1132 1207 1159 sortem
1233 1127 1344 1167 redige

996 1174 1161 1215 Nuptialis
1185 1175 1324 1208 habitus.

229 1263 313 1290 Miss.
335 1272 388 1290 ms,
412 1262 644 1290 Sanblasianum
666 1270 744 1289 saec.
768 1259 813 1288 15.
830 1261 901 1288 Cod.
923 1261 1050 1289 Paulan.
1066 1259 1112 1288 25.
1129 1260 1154 1289 2.
1171 1259 1188 1288 2
1208 1262 1257 1293 (ol.
1280 1262 1360 1289 Bias.
1386 1263 1493 1290 memb.

144 1300 203 1338 64).
224 1319 259 1322 —
282 1301 337 1333 2b,
362 1301 375 1329 1
398 1302 520 1329 fruetus.
542 1315 578 1320 ——
600 1299 654 1334 3a,
673 1298 691 1328 2
713 1301 815 1329 Sacro.
837 1316 873 1320 -—
902 1298 988 1332 5a,2
1010 1300 1108 1336 plena.
1130 1315 1167 1320 —
1189 1300 1319 1328 Melodie
1342 1300 1491 1329 offenbar:

147 1342 240 1369 Veni
261 1344 394 1369 sancte
423 1342 597 1377 spiritus.

602 1445 658 1475 121.
690 1443 733 1475 De
756 1442 855 1475 Beata
877 1443 979 1474 Maria
1002 1443 1037 1474 V.

157 1530 217 1563 la.
245 1529 327 1569 Ave,
355 1527 468 1559 mundi
496 1530 600 1559 mater
626 1527 690 1567 pia,

242 1576 360 1609 Mundi
385 1576 483 1618 salus,
511 1585 529 1607 o
554 1575 675 1616 Maria,

294 1624 485 1658 Sanctitatis
512 1624 689 1664 speculum.

155 1720 215 1753 2a.
243 1717 371 1759 Gaude,
397 1717 493 1750 stella
519 1717 687 1755 matutina,

243 1767 309 1806 Sol,
337 1775 467 1807 aurora,
496 1766 550 1798 lux
580 1765 700 1807 divina,

288 1816 377 1848 Fons
403 1815 659 1848 misericordiae.

155 1912 216 1943 3a.
244 1909 352 1949 Salve,
380 1917 438 1949 per
464 1917 560 1949 quam
588 1908 655 1940 vita
682 1908 769 1948 data,

242 1957 312 1990 Deo
338 1966 424 1999 cara,
453 1957 523 1989 Deo
549 1960 652 1998 grata,

292 2006 400 2047 Salve,
428 2006 526 2046 plena
551 2006 667 2047 gratia.

153 2101 216 2134 4a.
245 2099 412 2140 Speciosa,

243 2148 407 2190 Fragrans
435 2156 519 2187 rosa,

293 2197 401 2230 Mater
427 2196 603 2238 honorata;

154 2294 205 2325 5a
243 2291 293 2324 Tu
320 2290 469 2334 benigna,

242 2340 356 2374 Laude
383 2339 493 2382 digna,

291 2390 341 2422 Tu
368 2389 514 2431 dulcora,

290 2439 341 2472 Tu
368 2439 498 2478 decora,

342 2488 392 2520 Tu
417 2496 561 2528 perenne
586 2486 751 2528 gaudium.

860 1525 919 1558 1b.
948 1525 1054 1565 Salve,
1075 1534 1134 1566 per
1152 1535 1247 1566 quam
1266 1525 1321 1558 lux
1343 1530 1390 1557 est
1405 1530 1489 1565 orta,

949 1574 1100 1606 Paradisi
1128 1578 1243 1614 patens
1271 1578 1375 1616 porta,

994 1624 1064 1664 Qua
1090 1623 1237 1655 salvatur
1263 1623 1439 1656 saeculum.

858 1716 916 1749 2b.
944 1717 1144 1756 Angelorum
1172 1721 1205 1748 tu
1233 1717 1354 1758 regina,

948 1765 1158 1798 Peccatornm
1186 1766 1360 1806 medicina,

995 1814 1077 1854 Spes
1102 1819 1134 1846 et
1159 1823 1243 1847 vena
1269 1816 1393 1849 veniae.

857 1907 917 1941 3b.
945 1907 1049 1948 Super
1074 1917 1186 1940 omnes
1212 1908 1397 1942 sublimata.

946 1955 997 1988 Sis
1024 1966 1084 1996 pro
1111 1957 1203 1990 nobis
1230 1957 1390 1990 advocata

997 2005 1035 2038 In
1065 2006 1197 2038 caelesti
1225 2006 1326 2040 curia.

862 2099 921 2132 4b.
951 2099 1113 2136 Gloriosa,

948 2148 1112 2187 Gratiosa‚

998 2196 1135 2229 Femina
1162 2196 1268 2229 beata.

862 2290 920 2323 5b.
951 2289 1129 2322 Mediatrix

949 2339 993 2371 Et
1019 2338 1189 2378 salvatrix,

998 2387 1092 2420 Omni
1118 2386 1199 2420 hora

997 2436 1075 2469 Sine
1102 2445 1192 2469 mora

1045 2485 1137 2526 Roga
1163 2489 1252 2518 tuum
1279 2484 1391 2521 filium.
