1654 2756
728 150 777 156 —
826 132 895 168 257
948 153 993 157 —

208 225 270 258 Sa.
302 222 512 259 Adulescens
540 227 617 259 dum
643 229 780 273 veniret,
918 230 982 265 8b.
1013 229 1070 266 Fit
1084 232 1250 271 tumultus,
1272 231 1414 263 nondum
1431 231 1539 262 vivum

303 274 398 307 Hanc
426 275 598 308 docentem
623 279 660 308 ut
686 278 830 321 audiret,
1013 281 1158 313 Mersum
1186 281 1278 313 dedit
1305 279 1487 312 redivivum

352 322 514 356 Rhodano
541 325 731 369 succubuit3
1061 328 1190 372 Sancta,
1221 330 1297 362 dum
1321 328 1506 369 procubuit.

205 421 266 454 9a.
297 417 388 462 Ergo
413 421 547 454 tandem
574 422 659 455 hanc
685 424 791 456 adivit
916 425 981 459 9b.
1013 423 1125 459 Cernit
1146 427 1192 458 ibi
1220 427 1281 459 Dei
1308 431 1430 468 natum,

303 470 466 511 Christus,
490 475 637 503 sanctam
655 473 832 506 accessivit,
1015 474 1073 507 Cui
1102 476 1210 516 angeli
1238 479 1387 516 paratum

351 519 405 551 Ad
433 520 516 552 caeli
542 520 712 560 palatium.
1061 523 1182 557 Laudis
1211 525 1289 556 dant
1315 523 1481 557 solacium.

181 616 266 650 lOa.
301 614 376 650 Iesu
404 617 498 656 bone,
527 616 622 649 nobis
650 618 746 658 dona,
893 620 936 652 10
948 619 979 653 b.
1013 616 1062 652 'ru
1087 629 1144 652 nos
1163 606 1212 652 'ab
1239 620 1300 652 hac
1327 620 1430 651 cladis
1448 619 1534 651 valle

302 666 363 706 Qui
388 670 574 699 sanctorum
602 675 636 697 es
662 676 782 700 corona
1013 668 1085 700 Duc
1111 669 1153 701 ad
1178 669 1278 700 vitam
1306 672 1395 700 recto
1422 669 1505 700 calle

350 714 591 755 Sempiternam
619 715 776 756 gloriam3
1060 717 1211 749 Marthae
1245 726 1304 757 per
1331 717 1530 750 memoriam.

257 812 347 841 Grad.
380 821 432 838 ms.
466 812 495 840 S.
529 812 675 839 Gereonis
707 813 899 840 Coloniensis
930 814 1001 840 anni
1037 810 1120 840 1424.
1148 813 1219 841 Cod.
1247 813 1363 840 Musaei
1394 813 1532 849 Archiep.

176 852 282 880 Colon.
306 852 347 879 VI
369 850 396 878 5.
418 865 456 870 —
477 850 536 885 lb,
563 850 582 878 4
605 850 663 878 sic.
685 867 723 870 —
744 851 802 884 4a,
830 850 848 879 2
868 852 981 880 Monet.
1002 866 1039 870 —
1061 851 1120 886 4a,
1149 851 1167 880 3
1190 853 1358 888 Septennis.
1380 867 1413 870 —
1437 851 1492 884 5a,
1514 851 1531 879 5

175 891 340 927 glandium.
364 905 400 909 —
423 889 476 924 5b‚
498 889 516 917 2
538 891 709 918 Praestans.
731 905 770 910 ——
790 891 938 919 Melodie:
962 892 1166 919 Maiestati
1196 894 1480 918 sacrosanctae.
1498 905 1534 909 —

176 930 400 959 Akrostichon:
439 930 621 965 „Iacobus
653 930 699 958 de
731 931 872 958 Nussia
903 930 1035 957 fecit.“.
1088 931 1146 958 Zur
1172 929 1239 958 Zcit
1272 930 1353 957 weiss
1386 930 1433 957 ich
1462 931 1534 957 iiber

174 970 278 998 diesen
302 970 428 997 Dichter
450 969 548 997 nichts
570 968 705 997 Naheres
727 969 912 1005 anzugeben.

627 1103 695 1134 286.
738 1103 780 1134 Dc
803 1103 914 1133 sancto
938 1101 1086 1132 Mai-tino.

199 1199 259 1230 la.
291 1196 521 1231 Confessorem
548 1194 799 1234 sanctissimum⁷
909 1191 973 1227 1b.
1006 1193 1091 1223 Voce
1119 1191 1215 1234 laeta,
1246 1192 1311 1223 vita
1338 1192 1460 1224 munda

296 1245 508 1278 Sacerdotem
537 1243 763 1284 dignissimum
1004 1240 1132 1271 Laudet
1160 1241 1305 1280 gaudens
1331 1245 1361 1271 et
1390 1241 1532 1273 iucunda

342 1293 480 1326 Recolat
506 1292 663 1331 ecclesia3
1053 1288 1191 1320 Martini
1217 1288 1399 1321 sollemnia.

197 1395 258 1426 221.
290 1391 396 1423 Natus
423 1391 476 1423 hic
502 1390 543 1422 de
570 1390 749 1429 Pannonia,
906 1384 969 1417 2b.
1003 1385 1117 1416 Hostis
1145 1386 1243 1417 cessit
1270 1390 1301 1416 et
1329 1394 1363 1416 se
1392 1385 1495 1416 dedit.

293 1440 445 1472 Nutritus
471 1440 504 1470 in
531 1439 639 1478 Italia,
1002 1434 1094 1473 Quod
1122 1434 1286 1467 Martinus
1314 1434 1384 1466 Deo
1412 1434 1529 1473 credit,

318 1488 476 1521 Militavit
502 1488 646 1520 Caesari.
1055 1482 1172 1523 Sicqne
1199 1484 1275 1515 vicit
1302 1483 1445 1516 Caesari.

196 1588 257 1620 3a.
291 1587 354 1618 Hic
381 1585 490 1618 adhuc
516 1585 773 1627 catechuminus,
908 1578 972 1612 3b-
1006 1579 1185 1620 Pauperern
1215 1582 1393 1621 cooperuit.

293 1635 399 1668 Testis
427 1638 475 1666 est
500 1634 573 1674 ipse
599 1633 767 1677 Dominus,
1007 1628 1033 1661 Ο
1059 1629 1159 1669 Deus,
1188 1636 1341 1672 quantum
1371 1631 1469 1663 caluit

340 1684 444 1716 Pallio
472 1683 608 1715 dimidio
1053 1679 1184 1711 Amoris
1211 1680 1373 1719 incendio,

190 1786 250 1818 4a.
282 1784 383 1824 Quem
402 1791 462 1814 nec
481 1781 603 1822 pressit
622 1781 670 1814 vis
684 1782 816 1825 algoris,
904 1772 969 1807 4b.
1002 1774 1087 1814 Quid
1115 1777 1215 1808 vellet
1242 1781 1333 1810 veste
1361 1778 1496 1818 duplici7

291 1832 360 1865 Nec
387 1831 545 1872 repressit
568 1829 660 1862 frons
679 1831 817 1872 pudoris
1004 1823 1064 1863 Qui
1092 1823 1153 1857 hoe
1180 1826 1247 1867 egit
1274 1827 1315 1858 de
1341 1827 1483 1868 simplici

341 1882 405 1913 Pro
432 1884 584 1913 truncato
612 1880 744 1913 habitu!
1051 1873 1172 1907 Tactus
1199 1880 1312 1908 sancto
1339 1876 1481 1917 spiritu?

193 1984 253 2015 5a.
287 1980 368 2012 Tres
396 1978 568 2011 defunctos
596 1979 778 2019 suscitavit,
904 1968 966 2004 5b·
1000 1971 1142 2004 Matrem
1171 1972 1250 2006 fecit
1275 1975 1303 2006 is
1328 1975 1461 2006 fidelem

289 2028 484 2061 Trinitatem
514 2027 699 2068 designavit
1001 2020 1134 2053 Patrem
1162 2023 1312 2063 linquens
1339 2024 1505 2056 infidelem

336 2077 409 2110 Hoc
435 2076 522 2110 facto
549 2086 610 2117 per
635 2078 754 2112 omnia.
1050 2070 1087 2101 In
1114 2079 1172 2103 sua
1199 2072 1350 2111 perfidia.

191 2180 251 2212 6a.
285 2177 479 2210 Haereticos
507 2176 717 2219 expugnavit,
902 2165 965 2198 fib·
999 2165 1127 2199 Fanum
1155 2167 1254 2209 fregit
1281 2174 1312 2202 et
1339 2171 1429 2204 idola

289 2227 414 2269 Pestes,
442 2225 574 2258 morbos
601 2223 756 2267 effugavit
1000 2214 1166 2250 conversa
1190 2222 1286 2259 gente
1315 2220 1452 2260 dyscola

334 2275 444 2308 Eiecit
466 2274 649 2307 daemonia.
1047 2263 1108 2295 Dei
1136 2266 1178 2298 ad
1205 2267 1373 2309 obsequia.

190 2375 251 2407 7a.
283 2374 339 2407 Ad
365 2372 591 2415 pontificatum
617 2376 742 2406 tractus
903 2359 966 2394 7b·
1000 2361 1117 2394 sedem
1146 2368 1253 2399 tamen
1280 2369 1488 2408 praesulatus

286 2423 504 2456 Deridentem
527 2431 604 2455 suos
630 2426 722 2454 actus
998 2409 1148 2445 Obtinuit
1175 2415 1226 2448 vir
1252 2416 1366 2449 beatus

336 2471 498 2513 Cognovit
522 2471 557 2503 in
583 2470 713 2512 spiritu.
1048 2458 1177 2496 BriCOiO
1203 2474 1264 2505 pro
1287 2465 1393 2502 libitu.

222 2530 255 2554 Β]
263 2538 281 2553 u
290 2537 316 2553 m
323 2537 337 2553 e
346 2549 352 2558 ,
370 2530 543 2559 Sequentiae
560 2529 699 2553 Ineditae.
730 2529 809 2552 VIII.
1310 2522 1344 2551 17
