1654 2756
715 146 974 181 —114—

186 248 246 280 7a.
273 247 321 281 Ut
347 256 409 279 non
436 247 578 287 laedant,

273 295 338 327 Sed
364 295 448 334 quod
477 295 592 326 cedant

323 342 424 375 Nobis
450 343 535 374 mala
560 341 679 380 omnia,

846 244 850 247 ’
887 241 945 275 71).
973 241 1016 274 Et
1043 241 1076 273 in
1101 241 1173 274 luce

973 289 1103 323 Christo
1130 290 1212 323 duce

1021 335 1142 370 Confer
1167 338 1257 379 pacis
1284 335 1420 369 somnia.

250 414 340 442 Grad.
368 421 420 441 ms.
436 414 591 450 Legdense
613 413 683 440 anni
707 409 790 440 1528.
825 411 896 439 Cod.
916 410 1048 446 Legden.
1071 407 1097 437 2.
1119 424 1156 429 —-
1177 409 1232 442 51),
1247 408 1265 437 6
1286 409 1327 436 Et
1348 415 1463 436 sanum.
1479 419 1515 424 -

176 452 322 480 Melodie:
349 452 374 478 O
396 452 504 480 beata
525 453 721 480 beatorum.

627 545 682 575 115.
716 544 757 575 De
780 544 877 574 Beata
899 541 999 574 Maria
1020 541 1057 572 V.

185 619 248 650 la.
275 616 401 649 Mariae
429 616 635 658 praeconium

323 665 461 697 Eruetet
486 665 518 696 in
546 664 663 704 gaudio

278 713 430 755 Virginis,
458 713 625 744 exordium

326 761 443 793 Iubilet
471 762 503 792 in
530 760 607 796 filio,

277 810 461 848 Resurgens
489 820 507 840 a
534 809 679 845 mortuis,

278 858 451 897 Apparens
477 856 649 898 fidelibus3

325 904 538 937 Gratulantur
565 904 680 936 omnia.

189 984 248 1015 22.
277 982 366 1013 Tunc
393 981 549 1014 Simeonis
576 981 702 1021 gladius

279 1030 443 1062 Sauciavit
468 1030 614 1061 intimam

279 1078 381 1109 Tuam
411 1081 553 1109 sanctam
580 1077 729 1115 animam,

281 1126 362 1158 Dum
391 1126 500 1157 vidisti
528 1126 627 1156 tilium

284 1174 466 1206 cruciatum
494 1174 661 1213 optimum,

284 1221 485 1262 Laceratu1n‚
514 1220 712 1261 perforatum

331 1269 474 1308 Corpore
501 1269 685 1309 sanguineo.

195 1349 254 1380 321.
285 1347 396 1377 Victor
422 1347 533 1377 mortis
560 1346 657 1377 rediit

281 1395 321 1426 Et
351 1394 416 1426 suis
444 1394 596 1434 apparuit

332 1443 450 1474 Vivens
477 1440 590 1484 [nunc]
618 1442 649 1472 in
677 1442 798 1482 gloria3

332 1490 456 1531 Gaude,
473 1491 573 1530 virgo,
587 1494 688 1521 mater
698 1489 820 1530 Maria3

267 1564 349 1589 Orat.
383 1571 436 1589 nis.
468 1561 611 1589 Friderici
643 1562 687 1588 111
720 1561 792 1595 Imp.
826 1568 902 1586 saec.
937 1557 980 1585 15.

887 613 946 647 lb.
973 612 1081 645 Maria
1105 620 1190 644 nune
1215 611 1334 651 gaudio

1021 660 1157 692 Fruitur
1182 660 1214 691 in
1241 659 1342 690 iubilo

974 709 1176 747 Resurgente
1202 707 1353 745 Domino,

1022 756 1109 794 Quae
1136 765 1272 796 passuro
1298 754 1365 786 fllio

975 803 1088 836 Caruit
1115 804 1236 835 solacio

976 852 1019 883 Et
1046 850 1106 882 fuit
1130 852 1163 883 in
1191 850 1302 882 nubilo

1025 899 1141 933 Cordis
1168 907 1248 939 prae
1275 898 1418 931 tristitia.

888 978 948 1011 21).
977 976 1031 1009 Sol
1059 976 1205 1018 eclipsim
1233 976 1366 1016 patitur,

975 1026 1092 1058 Velum
1119 1025 1233 1064 templi
1257 1025 1429 1062 scinditur,

975 1073 1068 1105 Motu
1094 1076 1183 1105 terra
1209 1074 1362 1114 quatitur,

975 1121 1018 1153 Et
1045 1124 1138 1160 petra
1166 1121 1335 1161 dividitur,

976 1169 1167 1208 Sepulcrum
1194 1173 1271 1200 tunc
1298 1169 1413 1210 patuit,

976 1217 1115 1248 Mortuis
1143 1227 1205 1249 non
1233 1218 1348 1258 latuit3

1026 1266 1175 1297 Surrexit
1201 1274 1272 1296 cum
1300 1266 1449 1298 Domino.

890 1343 953 1376 3b.
981 1346 1055 1381 Ora,
1084 1347 1198 1384 mater,
1226 1344 1338 1383 filium,

979 1391 1080 1423 Nobis
1108 1391 1160 1423 fae
1186 1392 1363 1433 propitium
1463 1426 1465 1429 ,

1026 1439 1068 1471 Et
1096 1444 1169 1479 post
1196 1441 1282 1472 vitae
1309 1441 1429 1472 exitum

1029 1487 1100 1519 Duc
1108 1489 1150 1520 ad
1164 1489 1245 1520 caeli
1256 1485 1346 1533 [nos]
1355 1489 1523 1529 palatium.

1033 1559 1104 1585 (jod.
1137 1560 1345 1587 Vindobonen.
1377 1558 1463 1587 4494.
1490 1576 1519 1579 —‡

187 1600 229 1640 2³
251 1610 276 1627 u.
299 1599 343 1627 21.
372 1601 548 1636 umgestellt.
577 1616 611 1619 ——
640 1598 697 1632 2a,
720 1598 737 1625 5
758 1599 929 1626 Cruciatum
951 1598 1091 1624 omnium.
1118 1614 1155 1618 —
1181 1596 1240 1630 Za,
1263 1597 1279 1624 7
1309 1600 1464 1634 sanguine.
1492 1614 1522 1617 —

187 1639 388 1667 Uim-schrift:
420 1640 481 1673 „De
504 1639 590 1666 beata
612 1639 728 1673 virgine
750 1638 920 1672 sequentia;
946 1636 1088 1663 melodia:
1111 1637 1239 1664 mundi
1261 1636 1485 1665 renovatio.“

641 1730 695 1761 116.
728 1730 770 1760 De
794 1730 890 1760 Beata
912 1728 1012 1759 Maria
1035 1729 1070 1759 V.

196 1804 256 1836 la.
284 1803 479 1842 Imperatrix
507 1802 703 1843 angelorum,

285 1851 390 1886 Salve,
419 1855 522 1882 mater
548 1850 775 1891 orphanorum,

285 1899 475 1931 Relevatrix
503 1904 537 1929 tu
564 1902 778 1938 peccatorum,

286 1947 516 1984 Illuminatrix,
544 1947 708 1978 oculorum

332 1995 495 2028 Debilium

335 2043 522 2084 Collyrium.

199 2125 218 2155 2
231 2132 259 2155 a.
288 2122 313 2154 O
325 2122 475 2161 clemens,
488 2121 567 2160 vita,
579 2120 726 2162 dulcedo,
739 2128 826 2161 spes,

335 2170 402 2201 Nos
429 2170 506 2202 audi
532 2168 743 2208 suspirantes,

195 2252 255 2282 3a.
283 2250 333 2280 Ac
359 2249 550 2280 exsistentes

284 2297 448 2339 Hospites,

337 2345 474 2377 Delictis
500 2345 577 2376 licet
604 2346 728 2382 nantes,

194 2426 252 2456 4³.
281 2423 398 2456 Oculos
425 2428 496 2454 tuos
522 2423 564 2454 ad
591 2431 648 2453 nos
668 2423 819 2453 converte

331 2471 562 2503 Misericordes

895 1800 951 1833 1b.
980 1801 1062 1838 Aah,
1091 1802 1238 1834 illumina
1264 1802 1410 1843 Tobiam,

982 1849 1114 1892 Regina,
1146 1855 1177 1882 te
1202 1855 1347 1883 monstra
1374 1852 1458 1884 viam

980 1898 1185 1941 Errantibus,
1215 1899 1453 1941 philosophiam

983 1946 1116 1986 Ignaros
1143 1948 1263 1979 rectrix
1291 1948 1372 1981 doce
1400 1950 1498 1990 diam,

1031 1994 1195 2028 Nobilium

1028 2043 1076 2074 Tu
1104 2044 1217 2079 lilium.

897 2119 955 2153 2b.
983 2120 1036 2152 Ad
1052 2124 1083 2152 te
1101 2123 1276 2155 clamantes
1293 2121 1373 2167 [hic]
1387 2125 1526 2168 exsules,

1031 2169 1067 2200 In
1095 2171 1180 2202 valle
1206 2172 1426 2215 lacrimantes,

896 2246 915 2277 3
923 2244 953 2276 b.
982 2245 1165 2286 (hammites,
1193 2246 1318 2290 flentes,

987 2293 1131 2334 Debiles,

1035 2342 1120 2374 Hinc
1146 2348 1253 2384 grates
1281 2347 1340 2378 tibi
1368 2348 1493 2382 dantes,

895 2419 956 2453 4b.
985 2420 1073 2459 Illos,
1101 2422 1259 2456 advocata
1285 2429 1407 2468 nostra,
1440 2432 1529 2460 certe

1033 2469 1186 2504 Delentes
1212 2473 1337 2508 sordes.
