1654 2756
667 145 932 181 —130—

587 267 646 299 137.
679 267 721 298 Dc
743 267 843 300 Bouto
863 267 965 300 Maria
985 267 1023 299 V.

145 351 202 383 la.
233 349 340 381 Verba
366 348 546 387 buccinate,
839 349 897 382 lb,
926 349 964 382 In
991 349 1158 381 neomenia

231 397 368 429 Mariam
394 397 544 437 laudate3
926 397 1002 429 Fiat
1026 396 1169 438 laetitia;

276 445 347 477 Hoc
374 445 461 476 Deus
487 444 659 485 praecipit,
976 445 1095 478 Omnes
1121 444 1318 485 consurgite,

276 493 319 526 Ut
347 493 489 532 psalmus
515 493 676 533 praecinit
976 493 1100 526 Lunam
1128 493 1276 532 aspicite,

323 541 360 572 In
387 541 516 573 laudem
543 541 680 576 Mariae.
1024 542 1049 574 O
1075 541 1152 573 Sion
1178 539 1278 572 filiae.

140 621 200 652 2a.
229 619 266 650 In
292 618 411 659 insigni
439 618 491 650 die
839 618 900 652 2b.
928 618 1109 650 Salomonis
1135 617 1267 649 verbum

229 667 401 699 Cantemus
426 667 561 698 Mariae.
925 666 1082 700 Confudit
1108 665 1296 705 superbum.

278 715 376 748 Cuius
404 714 571 754 conceptio
974 714 1057 746 Tota
1082 718 1187 745 mater
1212 713 1350 752 pulchra

274 763 335 795 Est
361 763 431 794 sinc
458 762 535 794 vitio
973 761 1017 793 Et
1044 761 1113 792 sine
1139 761 1276 800 macula,

324 810 374 841 Ex
401 810 584 850 privilegio.
1022 809 1142 840 Similis
1169 808 1248 840 lilio.

140 889 199 921 3a.
229 888 318 918 Inter
344 887 454 926 spinas
482 886 607 918 crescit.
837 886 896 920 3b.
925 886 985 918 Est
1011 886 1081 917 sine
1108 885 1215 916 scoria

228 935 347 967 Lilium
375 935 524 973 mitescit,
928 934 1025 972 Virgo
1053 933 1194 973 egregia,

275 983 342 1015 Nos
369 982 471 1022 spinis
497 983 686 1023 pungimur;
972 981 1065 1013 Fecit
1093 981 1272 1022 potentiam

277 1032 330 1064 Ad
357 1037 389 1062 te
419 1030 629 1071 confugimus,
974 1030 1177 1061 Conservans
1203 1029 1344 1061 Mariam

322 1079 410 1110 Audi
437 1089 505 1119 nos,
533 1079 650 1113 Maria.
1022 1078 1141 1110 Divina
1167 1077 1293 1117 sophia.

141 1158 202 1188 4a.
232 1155 333 1186 Pilius
362 1155 495 1188 honorat
836 1154 897 1188 4b.
926 1154 1036 1186 Iudith
1064 1154 1233 1193 gloriatur,

228 1203 378 1243 Matrem,
407 1212 498 1242 quein
526 1206 713 1242 praeservat
924 1202 1017 1241 Quod
1044 1211 1106 1233 non
1134 1202 1325 1234 maculatur.

278 1253 307 1283 A
334 1252 449 1290 eulpae
476 1251 610 1282 macula.
974 1249 1087 1281 Hostis
1115 1250 1317 1291 decollatur-3

279 1299 338 1338 Qui
366 1298 441 1329 fecit
469 1299 607 1335 saecula,
974 1298 1081 1330 Maria
1108 1298 1264 1338 signatur.

328 1347 416 1378 Iesus
442 1346 642 1379 benedictus,
1023 1346 1119 1378 Cuius
1147 1346 1251 1377 dulcis
1278 1346 1413 1380 fructus

142 1426 203 1457 521.
231 1424 391 1455 Assuerus
419 1423 563 1454 decrevit
839 1422 898 1455 5b.
926 1423 1069 1454 Hesther
1095 1423 1234 1455 elevata.

278 1471 414 1503 Iudaeos
441 1471 588 1512 perdere,
982 1468 1094 1515 [Quae]
1123 1471 1249 1513 culpam
1278 1482 1339 1504 non
1364 1471 1473 1516 habet,

232 1519 373 1551 Hesther
399 1524 505 1551 tamen
534 1519 634 1551 dixit:
927 1520 985 1551 Est
1011 1520 1102 1559 virgo
1131 1520 1234 1559 beata,

280 1568 354 1600 Noli
382 1572 533 1601 metuere,
977 1567 1066 1599 Haec
1092 1573 1228 1600 mortem
1255 1568 1374 1600 occidit

330 1616 412 1648 Nam
438 1621 470 1647 tc
497 1616 633 1655 excipio,
1026 1616 1162 1648 Virtutis
1188 1617 1308 1656 gladio.

145 1696 208 1726 fia.
241 1694 337 1733 Yirgo
363 1693 545 1734 purissima,
840 1691 897 1725 eb.
926 1693 952 1725 Ο
981 1694 1070 1732 virgo
1098 1694 1268 1733 virginum,

234 1744 263 1774 A
291 1746 393 1773 morte
420 1742 557 1780 pessima
930 1741 1000 1772 Duc
1028 1750 1084 1772 nos
1111 1742 1153 1773 ad
1179 1743 1331 1784 gaudium

281 1792 442 1823 conserva
472 1788 608 1820 famulos
976 1788 1020 1821 Et
1047 1795 1119 1829 post
1146 1790 1295 1822 exsilium

280 1838 321 1870 Et
349 1838 419 1878 pios
445 1837 553 1868 oculos
980 1837 1189 1870 praedulcem
1218 1838 1318 1872 filium

328 1888 379 1918 Ad
408 1894 518 1917 servos
545 1887 718 1926 converte3
1026 1886 1160 1919 Devotis
1187 1889 1333 1922 ostende.

208 1962 297 1989 Grad.
332 1970 384 1988 mS.
416 1959 688 1988 Bernhardinorum
730 1968 805 1987 saec.
838 1959 912 1988 ¹⁵15.
967 1962 1037 1988 rod.
1070 1962 1265 1991 Bernhardin.
1299 1964 1474 1994 Cracovien.

134 2010 156 2028 s.
178 2011 207 2028 n.
228 2017 266 2021 ἡ
288 2000 341 2028 51).
364 1999 381 2027 2
402 2009 430 2026 u.
453 1998 470 2027 3
492 1999 672 2035 umgestellt.
695 2013 732 2018 —
753 1999 898 2027 Melodie:
921 2001 1042 2027 Mittit
1061 2002 1105 2028 ad
1126 2003 1321 2038 virginem.

590 2101 651 2134 138.
684 2101 725 2133 De
747 2102 844 2133 Beata
865 2102 965 2134 MarIa
987 2105 1023 2135 V.

146 2187 206 2220 la.
234 2182 408 2220 Gloriosae
434 2184 550 2225 virgini
843 2183 901 2216 lb.
928 2181 1077 2217 Elevatis
1103 2188 1204 2220 oculis

234 2234 350 2267 choris
375 2235 408 2265 in
435 2233 588 2273 angelicis
931 2233 1038 2265 Corde
1067 2236 1265 2268 devotissimi

280 2282 457 2314 Iubilemus
483 2281 599 2322 hodie3
977 2281 1158 2315 Psallamus
1187 2285 1381 2327 caeligenae.

146 2361 206 2393 2³.
236 2359 330 2392 omni
358 2368 471 2392 carens
496 2359 634 2399 macula,
842 2357 902 2391 2b.
930 2356 956 2391 0
983 2369 1078 2399 quam
1105 2361 1202 2401 clara,
1231 2365 1363 2404 caelica,

234 2408 428 2441 Rosularum
455 2408 574 2450 rosula,
930 2407 1054 2447 Dulcis,
1082 2410 1178 2449 mitis,
1206 2411 1345 2454 benigna

282 2457 400 2489 Mundi
425 2458 549 2499 sprevit
574 2455 702 2497 gaudia.
925 2483 929 2486 .
979 2456 1095 2497 Fulget
1121 2459 1208 2493 inter
1234 2462 1367 2497 caelica.
