1654 2756
675 121 942 157 —196—

151 225 213 258 Sa.
245 223 330 256 Nam
363 226 395 254 et
420 231 538 262 corpus
562 220 786 260 incorruptum
846 219 911 254 eb.
945 219 1004 253 Pie
1028 222 1165 260 martyr,
1191 226 1266 258 spes
1291 220 1432 254 tuorum,

247 271 436 306 Custoditur
461 274 493 302 et
518 268 673 302 virtutum
943 267 1011 300 Nos
1037 266 1178 300 defende
1203 266 1364 306 vitiorum,

294 320 392 361 Signa
416 317 543 358 florent,
570 319 602 348 et
623 315 786 358 refulgent
992 316 1046 349 Sic
1072 316 1190 349 educas
1216 317 1250 346 et
1273 311 1434 355 perducas

294 367 446 407 Undique
469 365 629 406 prodigia.
989 364 1044 397 Ad
1068 363 1149 397 caeli
1175 360 1316 404 fastigia,

514 463 545 495 9.
572 460 639 493 Ubi
663 460 741 493 laeti
767 463 932 493 cantemus
959 459 1112 495 Alleluia.

227 550 367 585 Sequent.
394 557 446 575 ms.
471 548 699 575 Ravennatense
726 546 798 574 anm*
826 542 987 574 1585—87.
1010 545 1080 573 eod.
1103 545 1235 574 Classen.
1268 542 1326 572 360
1350 541 1428 574 (139.
1456 541 1483 570 5.

147 588 186 621 S).
209 602 246 607 —-
263 586 312 619 7a,
333 587 353 615 4
373 588 521 614 emeritus.
542 600 579 605 —
600 585 745 613 Melodie:
765 585 875 612 Mane
897 585 1017 621 prima
1038 585 1198 612 sabbati.

611 709 673 741 212.
706 709 749 740 De
771 710 879 740 sancto
901 707 1019 748 Eligio.

147 793 206 827 la.
244 792 431 825 Sanctitatis
457 791 621 832 speculum
847 791 864 824 1
878 790 909 825 b.
943 790 1127 822 Laudemus
1150 789 1303 830 Eligium,

244 840 463 872 Illustrautem
490 839 652 872 saeculum
803 843 813 850 ”
942 837 1134 870 Nostrorum
1160 835 1330 878 refugium,

291 889 381 921 Sicut
406 888 483 920 solis
509 887 648 927 radium,
989 886 1202 919 Consolamen
1229 885 1385 918 cordium.

147 986 207 1018 2a.
243 984 307 1016 Per
334 983 491 1015 Franciae
517 983 623 1023 spatia
844 982 907 1018 2b.
942 982 1107 1014 Praebens
1132 980 1369 1014 infirmantibus

245 1031 352 1064 Stillat
380 1031 447 1062 eius
473 1030 577 1071 gratia
940 1030 1041 1070 Opem
1067 1030 1307 1070 postulantibus

291 1079 394 1111 Dulce
420 1077 634 1119 refrigerium,
986 1078 1023 1110 In
1048 1077 1126 1110 fletu
1151 1078 1316 1111 solacium.

147 1177 205 1209 3a.
239 1175 383 1206 Honesta
409 1175 521 1215 religio
843 1173 904 1207 3b.
932 1173 1038 1213 Hunc,
1064 1178 1099 1205 ut
1126 1172 1246 1204 Christi
1272 1173 1369 1205 lectio

243 1223 360 1262 Fulget
386 1223 419 1253 in
444 1222 550 1262 Eligio
940 1221 1114 1262 Praecipit,
1143 1221 1274 1253 dilectio

294 1271 477 1309 Normaque
503 1269 657 1304 fidelium.
986 1269 1143 1302 Reddidit
1169 1269 1346 1302 innoxium.

150 1358 212 1390 4a.
247 1358 345 1397 Quem
372 1356 573 1388 monstrabat
598 1357 716 1388 macies
843 1355 907 1388 4b.
942 1356 1023 1388 Post
1049 1357 1132 1388 hanc
1158 1356 1256 1388 vitam
1282 1356 1415 1388 labilem

247 1406 355 1444 Atque
382 1404 435 1444 pia
463 1404 561 1435 facies
940 1404 1046 1436 Intrat
1071 1405 1169 1437 vitam
1195 1404 1344 1437 stabilem

296 1452 438 1485 Caritate
464 1453 616 1494 saucium,
989 1452 1152 1492 Linquens
1178 1452 1266 1485 orbis
1291 1452 1429 1485 devium.

147 1552 208 1582 53.
245 1549 354 1588 Cuius,
383 1547 519 1587 Christe,
547 1547 696 1588 precibus
843 1549 905 1583 5b.
942 1549 986 1582 Ut
1012 1558 1072 1589 per
1097 1550 1165 1581 eius
1192 1550 1340 1581 meritum

242 1596 294 1628 Da
320 1596 382 1628 tuis
409 1596 609 1636 supplicibus
939 1597 1123 1629 Habeamus
1149 1598 1320 1629 transitum

294 1644 426 1676 Sacrum
453 1644 680 1684 septenarium,
985 1645 1039 1677 Ad
1064 1654 1205 1686 perenne
1231 1646 1394 1686 gaudium.

148 1738 184 1773 f:
227 1739 308 1767 Orat.
335 1742 364 1767 et
386 1738 524 1774 Sequent.
552 1747 606 1765 ms.
625 1739 789 1774 campense
810 1741 881 1767 anni
906 1738 987 1768 1462.
1011 1739 1080 1767 Cod.
1104 1741 1326 1770 Darmstadien.
1349 1740 1414 1769 521.
1436 1757 1474 1760 —

146 1777 200 1805 Als
228 1776 396 1813 „Oratio“
426 1778 610 1810 bezeichnen
636 1777 719 1804 indes
746 1778 1008 1814 augenscheinlich
1029 1780 1163 1816 Sequenz
1194 1780 1246 1807 auf
1261 1780 1310 1808 die
1330 1781 1476 1809 Melodie:

148 1816 247 1843 Veni
271 1819 399 1843 sancte
422 1817 588 1851 spiritus,

577 1937 647 1976 [213.
679 1937 722 1970 De
742 1940 854 1970 saneta
873 1939 1058 1977 Elisabeth!

141 2031 201 2063 la.
241 2030 386 2061 Aeterno
412 2029 479 2069 regi
505 2029 644 2069 gloriae;
841 2030 901 2066 lb.
938 2031 997 2064 Cui
1025 2033 1161 2065 resultet
1183 2034 1308 2067 caelica

242 2076 334 2109 huius
362 2076 426 2108 diei
452 2077 570 2118 gaudia
936 2079 1064 2112 devotio
1087 2081 1257 2124 catholica,

241 2125 465 2166 depromemus
491 2126 672 2163 sollemnia;
935 2137 1023 2168 voce,
1052 2130 1158 2162 cordis
1183 2131 1334 2165 melodia.

140 2224 201 2256 2a.
239 2222 300 2262 Qui
325 2222 388 2255 sibi
416 2219 614 2265 [Elisabeth]
841 2223 904 2257 2b.
939 2224 1005 2256 Vas
1032 2225 1186 2258 virtutum
1210 2227 1337 2267 liquore

237 2271 332 2312 elegit
359 2270 521 2312 dilectam,
937 2271 1130 2316 confertum,
1157 2273 1313 2307 bonorum

232 2323 380 2352 ornatam
405 2320 643 2360 gratiosamque
934 2329 1068 2361 operum
1091 2322 1225 2354 odorem
1249 2323 1337 2356 vitae

232 2367 407 2400 virtutibus
433 2377 561 2409 semper
937 2368 1130 2411 diffundens,
1155 2370 1323 2411 pigmenta

234 2415 430 2458 decoratam,
932 2417 1174 2452 miraculorum.
