1654 2756
699 129 965 186 -3187-

164 228 225 260 4a.
258 227 313 259 Ad
338 231 372 258 te
396 226 512 264 Deum,
859 225 922 260 4b.
953 227 1062 266 Atque
1085 230 1192 259 tecum

261 278 477 315 spectatorem
504 273 669 312 mentium,
957 274 1188 306 commanendo
1213 275 1335 308 caelica

259 322 438 362 praeelegit
957 321 1126 360 possidere

259 380 350 402 suum
377 370 528 405 stadium.
956 369 1177 402 contubernia.

164 458 221 488 5a.
256 457 389 492 Horror,
417 455 532 496 inquit,
863 456 926 489 5b.
958 454 1143 496 Florigeras

259 505 367 536 nullus
393 504 455 535 erit
957 503 1002 535 ibi
1030 505 1125 536 sedes

261 554 303 584 ad
330 552 489 592 ultimum,
515 554 684 593 ignoratur
957 556 1031 584 ante
1058 553 1161 585 Deum
1188 553 1246 584 sed
1272 551 1417 585 obtinent

260 611 354 633 omne
380 601 560 637 occiduum,
957 602 1064 633 cuncti
1091 601 1275 634 caelicolae.

167 689 226 721 6a.
260 689 376 721 Aulica
403 689 539 720 cluendo
863 688 926 721 fib.
957 686 1170 720 Albescentes
1196 688 1298 720 stolae

259 742 353 769 ornat
378 737 490 768 laurea
957 737 1146 768 suavissime

260 786 355 818 beata
375 786 492 825 capita,
957 784 1041 816 colla
1067 785 1222 817 decorant

261 843 339 866 auro
365 838 465 871 texta,
959 836 1035 872 apte
1060 833 1154 865 laeva

261 892 385 924 gemma
411 892 566 923 expressa
961 881 1139 922 dextraque
1165 885 1220 913 tua

262 931 515 972 pretiosissima;
960 933 1055 970 parat
1081 930 1299 963 sanctissima.

169 1019 225 1050 7a.
258 1019 303 1050 Te
330 1017 511 1058 magnificet
865 1017 926 1049 7b.
959 1017 1049 1048 Iusto
1077 1016 1197 1056 remige

263 1072 429 1107 gratanter
959 1068 1120 1096 tenentem

262 1123 375 1155 agmen
402 1113 543 1145 fidelium
957 1113 1029 1152 iuge
1054 1112 1225 1152 imperium

598 1200 629 1232 8.
658 1198 892 1239 Contegnando
917 1206 1043 1236 semper

668 1257 699 1278 in
727 1255 849 1278 aevum,

243 1323 331 1357 Trop.
364 1331 415 1347 ηις.
447 1324 614 1349 Cataueuse
647 1330 721 1348 saec.
754 1319 788 1347 12
829 1321 898 1349 Cod.
927 1321 1077 1348 Matriten.
1103 1321 1259 1352 (collectio
1292 1321 1441 1352 Barbieri)
1471 1331 1495 1349 s.

169 1369 195 1386 n.
221 1375 250 1378 —
276 1360 498 1387 Misset-Weale
520 1362 562 1393 ΙΙ,
584 1369 611 1395 p.
638 1359 703 1386 495.
728 1374 761 1378 ——
783 1358 842 1391 4a,
864 1359 883 1386 4
904 1368 988 1386 suum
1010 1361 1161 1387 viaticum.
1185 1374 1220 1379 —-
1242 1359 1305 1392 5b‚
1326 1358 1344 1386 3
1365 1361 1496 1395 animae3

170 1400 235 1425 eine
257 1399 338 1425 &ube
366 1408 402 1424 zu
424 1401 534 1435 wenig,
560 1399 620 1425 und
643 1398 815 1425 schweriich
837 1398 1052 1434 congruierend
1074 1400 1127 1425 mit
1148 1400 1246 1425 cuncti
1268 1399 1438 1426 caelicolae.
1462 1414 1499 1418 —

168 1434 227 1467 6b.
249 1436 266 1463 :3
290 1447 316 1464 u.
338 1437 355 1464 4
377 1437 492 1464 scheint
512 1437 664 1468 verderbt2
687 1439 752 1464 eine
775 1437 856 1464 Silbe
878 1447 914 1464 zu
936 1439 1041 1472 wenig.
1064 1452 1099 1457 —
1122 1435 1176 1470 61),
1198 1436 1216 1464 5
1238 1437 1256 1464 1.
1278 1437 1381 1464 dextra
1403 1440 1500 1473 quae?

553 1530 620 1561 354.
665 1531 703 1561 De
725 1529 844 1561 sanctis
867 1530 1112 1562 consessoribus.

178 1603 234 1634 la.
269 1603 406 1634 Verbum
434 1603 535 1641 patris
561 1601 778 1639 humanatum,
867 1603 928 1635 lb.
962 1603 1020 1634 Cui
1048 1603 1163 1635 chorus
1190 1604 1421 1643 apostolorum,

269 1651 317 1682 Ex
344 1651 476 1681 mortuis
502 1651 701 1689 suscitatum,
961 1650 1142 1691 Martyrum
1170 1655 1202 1682 et
1228 1651 1459 1689 confessorum,

269 1699 372 1739 Super
398 1699 502 1730 caelos
529 1698 686 1730 elevatum
962 1698 1127 1738 Virginum
1155 1704 1187 1731 et
1213 1701 1389 1732 electorum

318 1746 485 1778 Collaudet
513 1746 668 1784 ecclesia;
1008 1749 1140 1780 Assistit
1166 1749 1198 1780 in
1226 1750 1339 1789 gloria.

173 1834 232 1865 2a.
265 1833 323 1871 Qui
351 1833 461 1864 mundi
488 1842 585 1873 regna
613 1833 766 1871 vicerunt,
863 1833 926 1866 2b.
959 1834 1018 1873 Qui
1044 1839 1173 1866 terrena
1199 1835 1406 1867 calcaverunt

266 1881 325 1920 Qui
352 1881 449 1912 stolas
477 1891 549 1912 suas
576 1881 724 1912 laverunt
957 1882 999 1913 Et
1026 1883 1163 1915 victores
1190 1884 1383 1916 exstiterunt

266 1929 308 1960 Et
333 1938 386 1960 eas
414 1929 645 1961 dealbaverunt
958 1930 1000 1962 Et
1026 1931 1059 1962 in
1086 1931 1207 1964 Christi
1234 1938 1420 1965 meruerunt

314 1977 399 2018 Agni
425 1987 516 2009 sacro
542 1977 705 2018 sanguine,
1008 1979 1163 2012 Coronat-i
1191 1982 1328 2015 nomine.

170 2064 229 2095 3a.
269 2062 357 2095 Inter
382 2072 434 2094 eos
462 2069 643 2101 coronatur,
864 2065 926 2098 3b.
959 2065 1185 2105 Supplieamus
1213 2067 1280 2099 eius
1306 2077 1404 2108 prece

267 2112 364 2143 Cuius
391 2110 506 2143 festum
534 2112 716 2145 celebratur
961 2114 1130 2147 Sublevari
1158 2125 1214 2147 nos
1240 2126 1259 2148 a
1287 2116 1376 2149 faece

269 2160 309 2191 Et
337 2169 406 2191 cum
433 2161 563 2193 Christo
590 2161 747 2200 gloriatur
958 2162 1001 2193 Et
1026 2174 1045 2194 a
1069 2169 1276 2203 peecatorum
1305 2173 1381 2197 nece

314 2209 350 2240 Iu
378 2209 508 2240 caelesti
536 2210 635 2241 curia.
747 2232 751 2242 ,
1006 2212 1058 2243 Ad
1087 2212 1167 2244 caeli
1193 2214 1328 2252 palatia.

251 2285 333 2311 Miss.
355 2294 406 2312 rna.
430 2285 669 2313 praedicatorum
692 2285 935 2323 Lugdunensium
958 2296 1032 2314 saec.
1058 2286 1092 2314 14
1124 2288 1194 2315 Cod.
1211 2290 1308 2325 Capit.
1324 2290 1499 2326 Lugduneu.

169 2323 193 2349 A
220 2322 245 2350 6.
275 2325 307 2350 Α.
330 2339 362 2342 -
386 2324 468 2350 Mis-3.
497 2324 695 2361 Lugdunense
723 2327 792 2360 imp.
815 2326 955 2361 Lugduni
986 2325 1060 2354 1500
1080 2327 1113 2354 B.
1136 2342 1173 2346 —
1195 2328 1278 2355 Miss.
1300 2329 1500 2363 Lugdunense

169 2362 239 2397 imp.
273 2363 409 2398 Lugduni
444 2362 526 2390 1510.
551 2364 583 2391 C.
613 2379 650 2383 ——
676 2365 758 2392 Miss.
788 2365 985 2400 Lugdunense
1017 2367 1087 2401 imp.
1114 2366 1254 2401 Lugduni
1287 2364 1371 2396 1530.
1399 2370 1437 2397 D.
1463 2386 1502 2390 —

169 2401 255 2466 gains.
283 2402 482 2437 Lugdunense
510 2405 578 2439 imp.
601 2403 739 2439 Lugduni
770 2402 851 2431 1556.
874 2404 909 2431 Ε.
934 2419 970 2441 ς-
991 2404 1121 2432 Melodie
1148 2406 1310 2434 natiirlich:
1341 2408 1501 2438 Verbum

196 2448 309 2467 onum.
