1654 2756
196 245 255 275 411.
284 242 333 273 Tu
358 240 514 274 trinitatis

331 298 365 320 es
393 287 568 320 triclinium

283 337 325 369 Et
353 336 510 368 humanae
534 335 648 367 salutis

330 385 475 421 initium:

196 465 255 495 53.
282 461 339 497 Te,
368 461 456 500 virgo
483 459 599 501 Maria,

283 509 445 541 Salutax·it
471 517 533 539 vox
560 509 613 548 pia

330 556 444 589 Nuntii
471 556 630 594 caelestis,

194 636 255 667 Ga.
288 633 412 677 „Ave“,
440 634 598 675 inquiens,

335 683 459 725 „gratia
486 682 593 722 plena,

286 732 441 763 Dominus
468 736 584 771 tecum,

335 781 425 820 virgo
452 787 576 818 serena,

285 828 528 860 Gloriosissima

331 885 459 916 semper
485 884 654 915 permanes

287 925 376 956 Inter
402 923 586 956 mulieres“.

203 1012 260 1034 (a.
290 1001 315 1033 O
343 1002 436 1033 nimis
464 1001 568 1041 beata,

283 1050 370 1088 Quae
396 1050 464 1081 solo
491 1049 590 1081 verbo

334 1097 487 1129 exstitisti
514 1095 705 1128 fecundata!

201 1176 260 1207 83.
288 1174 440 1212 Quisnam
467 1174 591 1205 audivit

335 1226 400 1253 tam
427 1221 597 1260 magnalia.

288 1270 331 1302 Ut
359 1269 501 1310 gigneret

337 1321 503 1356 parentem
533 1316 622 1349 filia?

206 1397 264 1427 9a.
294 1394 399 1434 Salve,
430 1394 527 1434 virgo,
555 1394 635 1424 caeli
662 1397 766 1433 porta,

288 1442 352 1473 Per
376 1447 408 1473 te
434 1441 527 1473 nobis
545 1442 631 1473 salus
650 1445 698 1472 est
716 1446 802 1481 orta3

178 1521 259 1553 loa.
287 1519 313 1552 O
340 1520 432 1559 virgo
460 1518 654 1559 christifera,

291 1567 373 1599 Vitis
401 1565 580 1605 fructifera,

290 1616 377 1654 Quae
403 1616 482 1646 nulli
509 1615 629 1646 homini
656 1614 787 1654 pietatis

337 1664 456 1695 avertis
483 1663 623 1702 viscera3

180 1742 219 1773 11
234 1750 262 1774 a.
291 1740 384 1771 Hanc
410 1749 485 1779 ergo
512 1748 589 1771 voce
615 1740 669 1779 pia

289 1788 397 1819 Mater
421 1787 557 1820 eeclesia

341 1836 521 1868 Veneratur
546 1836 748 1876 suppliciter.

547 1905 602 1936 12.
631 1903 656 1935 O
684 1903 772 1944 virgo
799 1904 865 1942 pia,

797 141 864 176 128
916 162 960 167 —-

897 236 956 270 412.
985 237 1034 268 Tu
1057 240 1266 276 peccatorum

1032 291 1066 314 es
1092 282 1262 321 advocata,

985 329 1142 363 Omnibus
1168 329 1344 362 virtutibus

1034 377 1205 410 adornata.

896 455 954 489 5b.
982 457 1083 495 Quem
1111 463 1169 487 rex
1195 453 1384 492 angelorum

983 504 1037 536 Ad
1064 507 1107 542 te,
1134 503 1225 535 sidus
1252 501 1427 541 caelorum,

1032 551 1126 584 Misit
1151 553 1192 584 de
1218 550 1357 591 superis.

895 630 955 664 6b.
983 630 1054 662 Hoc
1079 628 1160 669 Ave,
1188 629 1280 669 virgo

1031 678 1250 713 immaculata,

984 727 1069 759 Dum
1095 725 1229 767 audisti,
1257 734 1291 756 es

1031 774 1128 807 valde
1151 774 1303 815 turbata3

983 823 1059 863 Sed,
1083 827 1120 854 ut
1145 821 1328 861 credidisti,

1030 881 1104 903 mox
1131 869 1311 910 concepisti

984 921 1187 953 Salvatorem
1215 918 1339 951 mundi.

899 997 955 1031 7b.
986 997 1169 1037 Concepisti
1197 997 1313 1035 Deum,

983 1047 1083 1086 Virgo
1109 1045 1244 1085 intacta,

1031 1094 1132 1134 paris,
1158 1094 1272 1132 lactas,
1298 1093 1403 1125 nutris
1421 1100 1505 1127 eum,

896 1170 955 1203 81).
984 1171 1074 1202 Haec
1100 1174 1291 1211 perpetrata

1031 1222 1105 1249 sunt
1132 1228 1193 1258 pro
1220 1218 1359 1257 homine,

986 1267 1029 1300 Ut
1056 1267 1206 1298 immunis

1034 1319 1119 1346 esset
1144 1325 1163 1346 a
1192 1315 1339 1349 crimine.

900 1392 960 1427 9b.
989 1393 1094 1432 Salve,
1123 1397 1228 1424 mater
1254 1391 1384 1432 pietatis

984 1441 1027 1473 Et
1051 1449 1210 1480 supernae
1242 1441 1299 1472 lux
1327 1439 1480 1472 civitatis.

874 1519 917 1550 10
927 1517 957 1552 b.
984 1518 1163 1550 Mediatrix
1190 1517 1366 1557 hominum,

984 1567 1139 1599 Ablutrix
1166 1567 1348 1606 criminum,

984 1616 1072 1654 Quae
1088 1615 1227 1654 genuisti
1246 1614 1364 1655 filium,
1383 1615 1437 1655 qui
1457 1620 1507 1647 est

1032 1662 1119 1694 salus
1146 1663 1329 1696 humilium.

874 1739 955 1772 11b.
985 1740 1028 1772 Ut
1055 1740 1122 1770 eius
1148 1741 1332 1772 interventu

984 1788 1124 1820 Caelesti
1151 1794 1311 1820 conventu

1034 1836 1206 1868 Adunetur
1232 1838 1430 1877 perenniter.

633 1952 658 1984 Ο
687 1950 791 1983 dulcis
816 1951 934 1989 Maria,

632 1999 843 2031 Peccatorum
867 2002 958 2041 terge
984 2003 1099 2032 cuncta
1124 2002 1268 2041 crimina,

632 2047 793 2079 Iustorum
820 2056 894 2087 spes
923 2054 954 2079 et
981 2049 1095 2089 gloria.

245 2114 335 2142 Grad.
368 2124 421 2142 ms.
453 2113 696 2141 Praedicatorum
725 2112 968 2141 Cracoviensium
1000 2123 1076 2142 saec.
1112 2114 1189 2143 ¹⁵5⁶.
1240 2116 1310 2143 Cod.
1341 2118 1507 2146 Praedicat.

169 2153 342 2182 Cracovien.
372 2163 395 2180 s.
423 2163 451 2180 n.
480 2167 517 2171 —
546 2152 597 2184 612,
626 2150 645 2180 3
675 2161 718 2188 sq.
745 2151 833 2179 valde
861 2160 891 2178 es
920 2153 1050 2180 turbata.
1078 2168 1116 2173 —
1143 2152 1197 2187 8a,
1225 2154 1243 2181 4
1271 2157 1446 2191 parientem.
1471 2174 1506 2178 ·—

174 2190 246 2225 lob,
267 2189 284 2219 3
307 2201 350 2228 sq.
373 2194 423 2228 qui
445 2191 526 2219 salus
548 2195 593 2219 est
612 2191 641 2218 h.
663 2206 700 2210 —
721 2190 865 2218 Melodie:
888 2190 1058 2219 Psallite.

620 2284 683 2316 135.
716 2284 758 2316 De
779 2285 880 2316 Beata
901 2283 1002 2316 Maria
1022 2285 1059 2316 V.

181 2359 197 2391 1
212 2367 241 2391 a.
269 2353 376 2391 Mater
401 2357 521 2390 Christi
547 2361 645 2398 atque
670 2356 771 2397 virgo,

268 2407 356 2438 Fons
382 2406 496 2438 salutis
523 2410 555 2438 et
580 2406 681 2447 origo,

318 2453 368 2486 Tu
393 2458 504 2486 nostra
529 2453 730 2494 redemptio;

878 2355 936 2390 lb.
963 2354 1120 2397 Angelus,
1146 2368 1216 2392 cum
1243 2361 1408 2406 salutavit,

965 2405 1012 2437 Te
1038 2406 1195 2447 virginem
1221 2408 1420 2455 informavit,

1015 2455 1104 2494 Quod
1133 2457 1235 2489 virtus
1261 2458 1323 2491 Dei
1347 2459 1450 2493 flavit.
