1654 2756
169 436 229 468 22.

170 599 230 631 3a.

165 763 225 795 4a.

165 977 224 1006 521.

167 1282 228 1314 6a.

171 1639 233 1670 7a.

171 1850 232 1883 82.

171 2163 230 2194 91³.

694 135 955 170 —120—

603 247 664 278 125.
699 246 743 277 De
764 247 864 279 Beata
884 246 987 278 Maria
1009 246 1044 277 V.

567 321 596 353 l.
623 318 724 350 Gesta
750 317 884 358 virginis
910 317 1023 350 matris

623 365 844 398 christianitas
869 366 973 398 omnis
999 365 1132 405 recolat,

257 435 346 474 Quae
371 440 448 466 nata
474 434 578 466 sterili
604 438 654 466 est

258 487 393 522 parente
419 483 453 515 in
479 483 615 515 salutem

258 531 380 562 cunctis
407 531 546 571 populis

259 599 328 637 Qua
354 598 449 630 fidem
477 604 664 640 praestante

255 655 428 678 immensus

255 704 312 725 suo
337 700 449 726 ventre
477 695 648 726 clauditur.

254 761 400 793 Tandem
427 763 563 802 gravida
589 761 779 793 Bethlehem

252 814 418 851 properat,
452 810 620 850 parvulum

254 856 372 894 fundit,
401 858 597 898 signaculum

254 909 377 945 perstat
405 906 551 946 pudoris.

254 973 338 1004 Hinc
365 973 588 1005 circumcisum

255 1026 327 1060 post
355 1031 464 1061 regum
492 1023 620 1054 latriam

254 1070 328 1100 tulit
354 1070 386 1101 in
413 1071 569 1110 templum

258 1117 337 1156 legis
364 1118 454 1150 iuxta
481 1119 597 1158 ritum;

258 1165 392 1204 suscipit
421 1166 548 1198 Simeon
576 1165 757 1206 parvulum,

257 1214 397 1245 exsultat
424 1224 538 1254 magno
565 1213 692 1254 gaudio.

256 1282 354 1320 Quem
385 1282 548 1321 reperiens
576 1281 762 1320 adloquitur

255 1338 348 1369 quam
376 1330 533 1361 suaviter:

260 1377 355 1419 „Filii
375 1378 451 1416 quid
474 1376 579 1408 fecisti
594 1376 685 1408 nobis
700 1376 766 1407 sic“
781 1376 796 1407 ἱ)

256 1426 298 1457 Et
327 1425 445 1464 accipit
472 1425 668 1466 symbolum:

261 1473 375 1515 „Quid‚
403 1474 516 1514 inquit,
545 1471 700 1513 quaeritis

256 1521 389 1561 propria
413 1522 516 1562 patris

256 1568 502 1609 exsequentem“
518 1570 532 1601 Ρ

263 1638 337 1668 Post
364 1638 396 1668 in
423 1638 545 1678 nuptiis
571 1638 686 1669 aderat

256 1686 346 1725 virgo
373 1694 444 1717 cum
472 1686 548 1724 filio,

258 1743 321 1773 qua
347 1740 538 1774 suggerente

257 1781 331 1812 fecit
362 1782 468 1813 vinum
495 1791 534 1813 ex
560 1781 702 1821 lympha.

261 1849 313 1881 Ad
342 1858 434 1888 quem
462 1850 576 1881 mulier
605 1849 644 1880 de
669 1849 765 1881 turba

257 1898 468 1930 exclamando

258 1951 402 1978 ventrem
429 1946 573 1986 virginis,

257 1995 310 2035 qui
336 1994 440 2035 ipsum
467 1994 551 2034 tulit,

257 2048 287 2074 et
316 2042 425 2082 ubera,
450 2052 531 2083 quae
556 2043 661 2082 ipsum

256 2092 470 2131 lactaverunt,
499 2090 681 2128 beatificat;

259 2161 395 2199 Captum
423 2159 558 2191 audiens

257 2208 452 2248 ligatumque
485 2207 608 2247 videns,

260 2256 300 2288 ab
326 2257 434 2296 impiis
462 2256 566 2296 sputis
593 2255 709 2287 illitum

258 2310 287 2336 et
315 2305 431 2344 palmis
458 2314 596 2344 caesum,

256 2354 347 2385 vultu
376 2354 516 2387 velatum

255 2411 292 2434 ac
318 2402 500 2442 iniquorum

256 2450 413 2490 repletum
440 2451 594 2492 ludibrio,

866 433 927 467 2b.

868 597 930 631 3b.

867 761 926 795 4b.

866 973 918 1005 5b.

866 1279 926 1313 fib.

865 1849 926 1883 8b.

868 2158 928 2191 9b.

953 433 1034 465 Fert
1058 433 1176 473 virgini
1202 433 1336 473 angelus

954 481 1023 514 Ave
1043 482 1273 521 nuntiaturque

954 533 1130 570 conceptus
1155 529 1229 561 Dei.

957 598 1002 629 At
1027 597 1086 628 illa
1111 596 1333 629 conscendens

953 648 1105 677 montana

955 693 1065 724 visitat
1088 691 1271 725 Elisabeth.

957 759 1137 800 virginalia
1162 760 1264 791 ubera

953 808 1090 848 praebet
1115 807 1289 847 infantulo,

953 856 1095 888 brachiis
1122 855 1264 897 stringit,
1292 854 1348 886 dat

954 904 1069 936 crebra
1095 903 1217 937 oscula.

949 971 1047 1003 Vadit
1073 972 1259 1012 Aegyptum

950 1024 1063 1051 tenera
1088 1020 1208 1060 puella,

954 1072 1058 1108 gestat
1083 1069 1237 1099 tenellum

953 1118 985 1148 in
1012 1116 1096 1147 ulnis
1123 1116 1244 1153 filium;

954 1169 1027 1204 post
1054 1163 1238 1195 duodenum
1264 1164 1415 1195 amissum

952 1221 1067 1252 magno
1094 1212 1219 1252 quaerit
1248 1221 1318 1243 cum
1342 1212 1498 1247 lamento,

954 1279 1178 1311 Redeuntibus
1205 1280 1237 1311 in
1265 1279 1429 1311 Nazareth

951 1328 1022 1367 ipse
1046 1328 1189 1368 iungitur

954 1380 985 1406 et
1012 1375 1163 1407 subditur
1189 1380 1284 1416 atque
1311 1375 1448 1416 virginis

952 1424 1065 1455 matris
1092 1434 1152 1464 ope
1180 1424 1336 1465 pascitur,

953 1481 991 1503 ac
1018 1481 1111 1504 versa
1139 1474 1208 1504 vice

953 1530 1061 1552 amore
1088 1522 1155 1553 eius

953 1569 1025 1609 ipsa
1050 1570 1202 1602 nutritur.

955 1636 1106 1676 Sequitur
1132 1637 1263 1669 tandem
1290 1636 1391 1668 filium

956 1685 1124 1716 docentem
1155 1685 1307 1725 populum

955 1736 1050 1772 atque
1076 1738 1241 1765 curantem

956 1789 1065 1812 omnes
1091 1782 1175 1813 male
1201 1781 1368 1815 habentes

953 1848 1007 1880 Ad
1023 1857 1116 1888 quam
1130 1849 1275 1881 salvator
1290 1849 1350 1881 hoc
1365 1850 1500 1883 verbum

955 1896 1139 1929 ratificans:

959 1945 1161 1987 „Quinimo“‚
1189 1947 1244 1985 ait,

959 1994 1065 2036 „beati
1093 2004 1212 2034 omnes,

953 2043 1008 2082 qui
1035 2043 1167 2075 verbum
1195 2044 1256 2076 Dei
1282 2044 1419 2076 audiunt

953 2096 1049 2131 atque
1075 2093 1259 2124 custodiunt
1287 2093 1405 2125 illud“.

957 2158 1085 2199 Flagris
1111 2161 1257 2192 attritum

957 2215 994 2238 ae
1021 2210 1110 2240 veste
1134 2209 1266 2240 illusum

955 2258 1050 2295 atque
1077 2256 1274 2299 damnatum,
1302 2262 1486 2298 portantem

955 2312 1084 2334 crucem
1108 2306 1254 2345 sequitur

955 2355 1089 2393 maesta,
1117 2353 1217 2394 cingit
1243 2356 1400 2388 nudatum

957 2400 1027 2432 velo
1049 2401 1099 2433 sui

956 2448 1119 2482 benedicti
1145 2452 1272 2492 capitis,
