1654 2756
731 163 896 200 —227
949 184 995 189 —

192 261 254 295 4a.
285 260 385 294 Cuius
411 269 475 293 non
502 270 572 293 sum
897 263 961 296 4b.
995 264 1140 306 Portare,
1168 263 1244 303 quia

291 309 408 351 dignus
436 309 656 343 calceamenta
995 320 1131 352 sponsus
1158 315 1207 343 est
1231 320 1291 352 per
1318 309 1436 342 omnia.

191 396 253 428 53.
290 395 410 438 Sponsi
435 399 543 429 autem
901 397 964 431 5b.
999 398 1153 431 Gaudens
1178 398 1250 438 ipse

292 445 416 478 amicus
442 448 508 478 stat
533 449 566 478 et
592 445 685 478 audit
998 447 1038 479 de
1064 455 1143 480 voce
1169 447 1281 488 sponsi
1308 448 1408 487 casta,

292 493 403 534 sponsi
428 494 548 534 gaudia
997 495 1112 536 dignus
1140 503 1211 527 cum
1238 503 1357 535 sponsa

194 582 256 615 63.
290 581 437 613 Conviva
900 579 961 613 6b.
994 581 1165 619 Iohannes,

289 638 361 660 esse
386 628 431 662 ad
455 632 581 661 secreta
996 638 1072 669 ergo
1099 638 1253 669 sponsum
1278 628 1371 660 nobis

291 677 403 717 sponsi
431 675 556 709 fercula
998 675 1112 719 [nunc]
1140 677 1278 709 concilia

290 726 387 758 valde
413 725 573 757 miranda.
998 725 1059 757 Dei
1086 725 1190 765 gratia

195 811 255 844 73.
290 812 431 844 Poscens
457 811 551 843 nobis
579 811 686 844 dulcia
902 811 963 844 7b.
995 811 1040 844 Et
1066 815 1252 852 contempta
1278 811 1442 843 mundana

293 859 419 894 Christi
444 860 585 900 prandia
1000 869 1076 893 esca
1099 858 1191 892 fatua

294 908 422 941 cunctis
449 909 551 949 gratis
577 907 748 949 praestita,
1000 908 1111 950 sponsi
1139 909 1257 941 dentur
1284 908 1420 942 fercula.

611 997 645 1029 8.
673 996 734 1029 His
762 995 878 1028 refecti
902 996 972 1028 Deo
999 997 1077 1029 laeti

678 1053 830 1077 canamus
857 1048 932 1084 post
958 1045 1022 1077 ista
1049 1049 1208 1085 tempora.

272 1151 362 1186 Trop.
385 1158 439 1177 ms.
462 1149 628 1177 Catanense
645 1157 723 1176 saec.
744 1146 787 1176 12.
803 1149 872 1177 cod.
889 1149 1039 1177 Matriten.
1075 1149 1234 1181 (Collectio
1251 1150 1399 1181 Barbieri)
1420 1159 1442 1177 s.
1465 1160 1495 1178 n.
1510 1163 1547 1167 —-

194 1187 250 1223 2a,
272 1187 290 1216 3
313 1193 367 1216 sat.
390 1202 427 1208 -—
449 1188 508 1216 Cfr.
531 1188 757 1216 Misset-Weale
779 1189 818 1221 ΙΙ,
843 1197 875 1224 p.
896 1186 962 1215 493.

608 1320 679 1352 252.
711 1321 755 1352 De
779 1329 803 1352 S.
823 1319 964 1352 Iohanne
984 1321 1143 1361 Baptista.

196 1415 212 1447 1
228 1422 258 1446 a.
291 1413 542 1445 Praecursorem
570 1413 686 1445 summi
711 1412 796 1453 regis
906 1412 967 1444 lb.
1001 1413 1038 1444 In
1065 1413 1127 1444 hac
1153 1412 1225 1443 luce
1252 1416 1317 1444 tam
1346 1410 1463 1444 festiva

292 1461 337 1494 Et
362 1469 557 1504 praeconem
583 1469 686 1493 novae
712 1461 793 1502 legis
1002 1461 1129 1500 Gaude,
1157 1465 1271 1502 mater,
1299 1464 1331 1491 et
1360 1460 1468 1493 votiva

346 1509 500 1543 Celebrat
526 1509 674 1542 eeclesia.
1050 1510 1214 1549 Deprome
1240 1509 1426 1550 praeconia.

195 1599 256 1630 2a.
287 1598 351 1639 En,
380 1597 533 1640 baptista,
562 1596 745 1630 sanctitatis
905 1595 969 1630 2b.
1003 1596 1145 1628 Verbum
1173 1597 1281 1637 praeit
1308 1596 1456 1628 veritatis

293 1646 414 1685 Decus,
441 1655 562 1686 praeco
588 1645 755 1686 novitatis,
1003 1646 1074 1677 Vox
1101 1648 1253 1677 aeternae
1281 1645 1452 1685 claritatis,

341 1694 468 1733 Prodit,
495 1704 546 1727 res
572 1695 742 1736 miraculi3
1052 1694 1159 1728 Solem
1185 1694 1280 1726 iubar
1306 1694 1438 1727 saeculi.

197 1783 258 1818 33.
291 1782 432 1824 Insignis
460 1782 640 1825 spectaculi
905 1782 967 1815 3b.
1000 1783 1099 1816 Vitae
1126 1781 1273 1822 praefert
1299 1781 1437 1822 gratiam

295 1831 428 1872 Forma,
455 1841 569 1864 norma
593 1831 718 1873 populi,
1001 1832 1045 1863 Et
1071 1831 1114 1864 ad
1141 1830 1376 1871 paenitentiam

343 1881 504 1914 Iohannes
531 1882 752 1923 monstratur,
1050 1880 1194 1920 Populos
1222 1880 1383 1913 hortatur.

196 1970 257 2002 4a.
289 1968 354 2000 Hic
380 1970 430 2000 est
455 1977 558 2000 novus
584 1967 807 2009 praedicator,
903 1968 968 2002 4b.
1001 1967 1097 2000 Diem
1125 1968 1243 2007 pandit
1270 1967 1403 1999 ultionis

294 2017 374 2050 Viae
400 2025 503 2050 novae
529 2020 749 2059 praeparator
1000 2017 1045 2049 Et
1071 2025 1247 2058 perversae
1274 2016 1416 2048 nationis

340 2067 394 2099 Ad
422 2065 578 2098 virtutum
605 2065 767 2105 culmina;
1050 2066 1242 2098 Detestatur
1269 2064 1418 2098 crimina.

190 2156 251 2190 5a.
288 2153 446 2186 Fructum
473 2156 579 2186 mater
603 2154 805 2194 insperatum
904 2153 966 2187 5b.
999 2153 1100 2187 Usum
1129 2152 1268 2192 linguae,
1299 2151 1375 2184 dum
1403 2161 1467 2183 non
1483 2160 1556 2184 cre-

290 2203 398 2244 Cepit,
427 2202 503 2235 dum
530 2202 679 2243 concepit
706 2206 816 2235 natum
1316 2200 1376 2242 dit,

338 2253 378 2286 Iu
405 2252 511 2284 sterili
539 2260 695 2293 corpore3
1002 2252 1102 2284 Pater
1127 2249 1249 2290 perdit,
1277 2249 1340 2290 ipsi
1368 2249 1456 2283 redit

1052 2299 1138 2331 Nato
1167 2298 1244 2331 dato
1271 2302 1430 2338 tempore.

190 2390 253 2423 6a.
285 2389 394 2431 Felix,
424 2389 478 2430 qui
505 2389 569 2422 iam
597 2388 718 2431 gaudia
905 2387 969 2421 6b.
1002 2386 1123 2420 Orbem
1151 2386 1258 2426 replet
1285 2386 1409 2419 lumine

289 2437 414 2471 Salutis
438 2438 638 2479 praenuntia
1002 2434 1099 2469 Omni
1124 2434 1229 2467 maior
1255 2435 1386 2468 homine

341 2487 467 2520 Ferens
494 2488 697 2529 declaratum
1053 2484 1139 2517 Nato
1165 2484 1388 2526 praedicator.

1315 2540 1375 2570 15*
