1654 2756
716 121 953 184 „⁴47-

645 253 693 285 35.
726 251 894 286 Dominicis
916 252 1040 284 Diebus.

179 340 240 375 la.
270 342 466 376 Profiteutes
493 345 651 377 unitatem
884 343 941 377 lb.
970 345 1153 376 Adoremus
1179 344 1409 375 ascendentem

268 391 471 425 Veneremur
495 393 675 425 trinitatem
973 393 1151 431 Christum,
1179 393 1268 424 caelo
1295 392 1489 432 venientem,

317 441 396 473 Pari
421 442 615 474 reverentia.
1021 441 1154 473 Plenum
1181 441 1267 472 omni
1293 441 1408 481 gratia.

179 537 238 571 22.
267 537 347 570 Dies
374 537 460 570 festa
485 537 680 580 celebratur,
882 537 944 571 2b.
972 538 1129 577 Quoniam
1157 538 1380 570 sanctificatur

270 586 443 618 Dominiea
468 586 632 618 vocitatur
971 586 1050 617 Dies
1075 587 1138 618 ista
1163 590 1194 617 et
1222 586 1351 618 dicatur

318 635 384 666 Pro
410 643 527 674 magno
553 635 720 675 mysterio,
1021 634 1162 674 Christo,
1190 634 1252 666 Dei
1278 634 1356 668 filio.

177 731 237 764 3a.
268 731 345 771 Ipsa
373 731 537 763 dominica
564 731 617 763 die
883 730 942 764 3b.
971 732 1048 771 Ipsa
1076 731 1238 763 dominica
1265 732 1318 763 die

268 779 418 812 Christus
445 779 530 812 filius
557 781 684 813 Mariae
972 781 1001 812 A
1029 785 1133 812 morte
1160 780 1275 819 plenus
1302 781 1425 820 gloriae

318 829 422 862 Natus
450 837 520 860 esse
546 834 764 872 monstratur,
1020 829 1209 861 Surrexisse
1236 830 1393 864 creditur.

178 926 240 960 4a.
267 926 415 958 Advenit
439 925 524 966 ignis
552 927 692 969 divinus,
882 925 943 959 4b.
971 926 1113 967 Spiritus
1137 932 1267 958 sanctus
1296 927 1466 967 Dominus,

268 973 814 1015 Quemflammanonlucensminus
972 975 1169 1015 Septiforme
1195 985 1286 1006 suum
1314 985 1429 1007 munus

318 1024 356 1056 ln
382 1024 565 1063 linguarum
591 1024 712 1064 specie,
1021 1024 1093 1056 Suis
1121 1024 1213 1055 dedit
1240 1024 1348 1057 hodie.

169 1121 228 1152 5a.
258 1119 381 1152 Prima
407 1121 478 1152 luce
504 1121 659 1152 mundum
686 1119 763 1152 fecit
883 1119 942 1153 5b.
971 1120 1079 1152 Prima
1107 1120 1157 1152 die
1183 1121 1238 1151 lux
1266 1120 1397 1160 effulsit,

268 1169 503 1208 vetustumque
530 1169 709 1211 renovavit,
970 1169 1118 1201 Christus
1145 1178 1203 1200 nos
1228 1169 1423 1201 illuminavit

315 1217 359 1250 Ut
386 1225 471 1249 nova
497 1217 559 1248 sint
587 1218 712 1257 omnia,
1021 1217 1158 1249 Veniens
1184 1218 1216 1248 in
1244 1218 1389 1259 propria.

178 1315 239 1346 6a.
268 1315 305 1346 In
333 1314 507 1355 scripturis
531 1313 690 1355 figuratur
881 1313 942 1348 6b.
971 1314 1145 1347 Servitutis
1171 1315 1368 1356 prohibetur

266 1363 346 1395 Dies
370 1364 434 1396 ista
461 1366 494 1394 et
519 1364 667 1404 signatur
970 1364 1068 1405 Opus,
1096 1368 1131 1396 ut
1158 1363 1246 1395 Deus
1272 1369 1393 1403 oretur,

317 1413 354 1444 In
381 1411 511 1445 sabbati
538 1413 668 1455 requie3
1017 1413 1269 1454 Praeceptorum
1297 1414 1392 1447 serie.

179 1509 237 1541 7a.
265 1509 436 1542 Fidelibus
463 1511 688 1550 contemplari,
881 1509 938 1543 7b.
970 1511 1185 1552 praecipitur,
1214 1511 1400 1551 praedicari

268 1558 371 1591 Orare
397 1563 429 1590 et
455 1559 598 1590 revereri
969 1559 1111 1591 Verbum
1138 1559 1200 1591 Dei
1228 1563 1259 1591 et
1286 1560 1391 1592 audiri

313 1607 466 1640 Sanctam
494 1608 725 1640 eucharistiam
1016 1609 1070 1640 Ad
1098 1609 1239 1641 divinam
1269 1609 1416 1649 gloriam.

177 1705 238 1739 82.
265 1706 489 1738 Renascamur
515 1714 587 1737 eum
614 1710 768 1738 nascente
879 1705 938 1737 8b.
966 1706 1184 1747 Resurgamus
1211 1711 1315 1739 morte
1343 1708 1468 1750 culpae,

264 1754 394 1787 Christo
421 1754 577 1794 baptismi
603 1755 724 1787 virtute
967 1756 1048 1796 Quia
1074 1765 1159 1788 mors
1187 1760 1236 1787 est
1256 1756 1379 1788 Christi
1405 1760 1511 1789 morte

313 1803 359 1836 Ut
385 1812 470 1836 nova
495 1806 665 1845 creatura3
1020 1805 1184 1846 Absorpta
1213 1805 1358 1837 victoria.

174 1902 235 1935 9a.
262 1902 308 1934 Et
333 1902 366 1934 in
394 1901 458 1934 fide
486 1902 663 1943 gloriemur
877 1903 936 1936 9b.
965 1904 1118 1936 Trinitati
1146 1908 1402 1943 praesentemur,

260 1950 304 1983 Et
332 1951 364 1982 in
391 1960 455 1983 una
481 1951 683 1984 modulemur
967 1953 1093 1986 Unitati
1121 1954 1291 1994 sociemur,

311 1999 406 2032 Fidei
436 2001 636 2036 constantia:
1015 2002 1073 2034 Cui
1101 2003 1171 2035 laus
1199 2006 1231 2033 et
1257 2002 1371 2042 gloria.

242 2096 326 2123 Miss.
353 2097 591 2124 Monasteriense
621 2099 691 2133 imp.
722 2098 866 2126 Coloniae
895 2096 978 2126 1489.
1006 2100 1042 2127 A.
1065 2113 1099 2116 —-
1122 2098 1206 2125 Miss.
1229 2098 1511 2126 Fontisebfflldense

163 2135 235 2171 imp.
262 2136 389 2163 Parisiis
419 2133 502 2163 1606.
530 2137 562 2164 B.
590 2152 627 2156 -—
654 2137 715 2165 Der
742 2137 862 2174 Anfang
893 2141 960 2174 sagt
986 2148 1038 2165 zui·
1065 2138 1203 2172 (tentigo.
1237 2137 1348 2164 welche
1377 2138 1512 2173 Sequenz

163 2174 276 2202 Adams
300 2184 360 2203 von
383 2176 424 2203 St.
448 2176 552 2203 Victor
573 2176 618 2203 als
639 2177 770 2214 Vorlage
790 2176 898 2205 diente.

670 2302 717 2334 36.
750 2299 806 2333 Die
827 2300 999 2332 Dominioa.

580 2394 612 2428 1.
640 2394 751 2434 Pange
778 2392 848 2425 Deo
875 2391 1031 2434 debitum,

636 2442 757 2482 lingua,

638 2489 838 2523 modulando
864 2489 1044 2530 plectrum3
