1654 2756
158 837 208 870 la

159 1042 219 1075 22.

159 1246 208 1277 3a

160 1449 210 1480 42

162 1654 222 1684 5a.

183 2282 246 2314 22¹.
277 2281 339 2321 Qui
364 2283 490 2312 mentes
517 2288 647 2311 sursum
677 2281 806 2311 nostras

189 2437 209 2470 3

577 754 646 786 336.
688 755 722 786 ln
744 755 835 786 Festo
857 754 1084 795 Reliquiarum.

211 862 218 869 .
250 837 389 870 Pretiosi
417 837 522 870 sancti
548 837 622 879 Dei,

254 886 397 925 Quorum
425 886 502 918 colit.
528 886 583 919 lux
610 886 675 918 diei

305 934 492 967 Praesentis
519 935 700 972 sollemnia,

253 1040 430 1073 Ierusalem
458 1050 514 1072 vos
542 1040 690 1073 caelestis

257 1090 295 1121 In
321 1092 486 1122 structura
513 1089 607 1121 bases
635 1089 722 1125 estis,

305 1137 416 1180 Stilus,
446 1137 608 1177 epistilia;

213 1269 220 1275 .
252 1241 501 1282 Praefulgentes
528 1242 734 1281 margaritae,

254 1292 315 1324 Tot
347 1291 508 1330 pressuris
535 1290 698 1331 expolitae

302 1340 409 1380 Digna
436 1339 529 1372 fertis
556 1339 712 1380 praemia.

214 1474 220 1480 .
251 1447 368 1479 Flores
395 1445 500 1484 verni,
526 1455 584 1478 vos
611 1445 716 1481 electi,

258 1494 398 1535 Lapides
426 1495 457 1527 in
485 1503 609 1526 summa
635 1495 715 1526 secti

304 1544 380 1576 Sion
407 1542 568 1583 aedificia,

255 1650 323 1683 Nos
349 1651 501 1691 Aegypto
528 1650 696 1682 constituti

257 1699 444 1731 Mereamur
470 1707 541 1730 esse
568 1699 630 1731 tuti

307 1749 422 1780 Vestra
448 1757 507 1789 per
533 1747 704 1788 suffragia:

861 837 922 871 lb.

859 1241 923 1274 3b.

859 1445 922 1477 4b.

862 1650 924 1684 51).

955 836 1039 869 Date
1065 837 1157 869 nobis
1184 839 1216 870 in
1245 842 1425 869 vestrarum

955 886 1085 918 Celebri
1113 886 1321 927 reliquiarum

1005 934 1157 966 Gaudere
1183 936 1348 966 memoria.

955 1040 1056 1073 Bases
1083 1040 1147 1072 fide
1175 1039 1366 1078 confirmati,

957 1087 1057 1120 Stilus
1084 1097 1143 1128 per
1169 1098 1258 1129 spem
1284 1089 1413 1125 elevati,

1006 1138 1086 1168 Pars
1113 1141 1160 1167 est
1187 1146 1278 1168 amor
1303 1137 1410 1168 tertia.

959 1241 1021 1272 Vos
1047 1242 1198 1282 inscripti
1225 1242 1310 1274 libro
1338 1243 1434 1281 vitae,

957 1290 1061 1321 Verae
1089 1291 1145 1321 viti
1170 1300 1227 1322 nos
1255 1292 1352 1332 unite,

1005 1339 1068 1370 Per
1093 1348 1188 1379 quam
1216 1340 1330 1371 vivunt
1356 1341 1475 1372 omnia.

956 1444 1069 1477 Dulcis
1096 1445 1178 1476 odor
1199 1450 1445 1486 unguentorum.

957 1493 1069 1525 Dulcis
1095 1503 1194 1533 sapor
1218 1495 1468 1534 pigmentorum,

1004 1542 1135 1576 Caelica
1162 1543 1305 1576 cellaria.

958 1649 1028 1682 Hoc
1054 1651 1085 1682 in
1113 1651 1182 1682 solo
1206 1661 1263 1683 nos
1290 1652 1423 1683 salvetis

960 1699 1004 1731 Et
1030 1709 1101 1731 cum
1130 1700 1260 1732 Christo
1286 1701 1380 1733 nobis
1409 1700 1493 1733 detis

1010 1748 1207 1789 Angelorum
1235 1751 1364 1790 gaudia.

237 1835 321 1862 Miss.
344 1843 397 1861 ms.
413 1836 557 1863 Scarense
580 1844 656 1862 saec.
682 1834 725 1863 15.
743 1835 813 1862 cod.
829 1835 973 1871 Upsalen.
990 1835 1013 1861 C
1027 1833 1092 1863 427.
1110 1836 1146 1862 A.
1167 1852 1201 1855 —
1215 1836 1306 1864 Grad.
1325 1834 1509 1873 [Suecicurn]

160 1876 229 1911 imp.
251 1874 390 1903 Lubecae
413 1872 500 1902 149*.
517 1875 550 1902 B.
573 1889 610 1894 ——
631 1873 684 1907 42.
710 1874 722 1902 l
749 1875 836 1902 electi
858 1875 932 1902 fehlt
957 1875 991 1903 A.
1011 1891 1047 1894 —
1063 1874 1113 1903 42.
1141 1874 1159 1902 2
1183 1877 1214 1903 in
1237 1877 1313 1903 rima
1332 1877 1405 1903 secti
1424 1878 1456 1904 B.
1473 1892 1510 1896 —

159 1913 289 1981 11811813110die
310 1913 572 1942 wahrseheinlieh:
605 1915 823 1942 Hodiernae
853 1914 915 1941 lux
944 1915 1032 1942 diei.
1058 1932 1093 1935 —
1116 1915 1174 1942 Cfr.
1198 1915 1370 1951 Klemming
1392 1917 1453 1950 ΙΙΙ,
1482 1925 1509 1951 p.

239 1961 282 1988 sq.

588 2037 655 2070 337.
697 2039 738 2069 De
761 2037 882 2070 sanctis
904 2038 1075 2079 Apostolis.

597 2121 628 2153 1.
656 2121 747 2153 Assit
773 2120 867 2153 nobis
894 2130 1023 2162 semper

654 2173 765 2202 coetus
792 2170 1001 2212 apostoliam,

284 2329 389 2371 erigat
414 2329 456 2361 ad
483 2327 648 2370 caelestia,

220 2445 251 2469 a.
281 2436 309 2470 O
335 2435 424 2469 cives
450 2436 545 2474 caeli,

283 2485 372 2518 orbis
399 2485 584 2527 luminaria,

893 2278 957 2312 2b.
990 2278 1118 2310 Amotis
1144 2278 1222 2310 inde
1250 2278 1374 2310 cunctis

993 2327 1081 2358 vitiis
1106 2326 1377 2367 deprimentibuS.

898 2436 918 2469 3
930 2435 963 2470 b.
996 2434 1185 2467 Illuminate

992 2484 1093 2516 corda
1119 2488 1244 2523 nostra,
1274 2494 1478 2525 quaesumus.

1276 2541 1338 2571 20*
