1654 2756
701 173 968 209 —211—

157 270 218 303 Sa.
251 269 277 302 O
305 269 467 311 Germ-de,
494 275 608 311 pastor
634 272 734 315 bone3
864 273 884 305 9
900 271 932 306 b.
962 271 1027 304 Ubi
1055 271 1162 304 fructu
1187 275 1318 304 nostrae
1345 270 1415 311 spei

255 318 308 350 Ad
337 319 490 358 perennis
516 329 575 352 nos
600 329 739 353 coronae
959 319 1138 353 Manifesta
1166 319 1272 352 vultus
1298 319 1360 352 Dei

307 367 392 399 Vera
418 368 544 408 perduc
569 368 698 411 gaudia,
1010 369 1174 402 Fruamur
1200 368 1325 401 notitia.

237 452 321 480 Miss.
343 456 382 480 et.
405 455 492 482 Brev.
514 462 568 482 ms.
591 455 755 482 Broniense
776 462 854 482 saec.
880 452 922 481 15.
946 454 1017 482 Cod.
1039 455 1151 482 Semin.
1172 455 1349 483 Namurcen.
1372 464 1395 482 s.
1417 463 1445 481 n.

562 557 630 589 229.
664 557 705 588 De
727 566 752 589 s.
774 557 927 590 Ger-trude
948 557 1132 590 Niveilonsi.

162 629 222 662 la.
256 628 491 662 Laetabundus
869 629 930 663 lb.
963 629 1085 670 Regem
1111 639 1222 670 regum

260 677 418 710 Gertrudi
445 678 597 710 decantat
623 679 741 711 chorus
964 677 1089 710 Dilexit
1114 687 1174 710 nec
1200 678 1303 710 virum
1330 677 1429 718 novit,

310 726 464 759 Alleluia.
1015 726 1079 758 Res
1105 727 1264 759 miranda.

159 815 222 848 2a.
252 813 386 845 Omnem
417 812 534 846 fastum
563 814 698 857 respuit,
868 814 932 849 2b.
963 814 1043 847 Orta
1070 813 1109 846 de
1137 812 1310 851 nobilibus,

259 862 314 893 llli
340 867 435 894 natus
461 862 585 902 placuit
965 862 1030 895 Sed
1057 862 1158 903 magis
1185 861 1359 894 virtutibus

310 910 365 943 Sol
393 911 432 942 de
458 911 566 943 stella.
1015 911 1151 950 Semper
1177 910 1277 945 clara.

162 999 223 1032 3a.
254 997 301 1030 Ut
329 997 398 1029 vult
424 998 525 1036 Deus,
552 998 657 1030 oleum
870 997 933 1033 3b.
965 998 1064 1031 Nullo
1090 997 1314 1035 maculamine‚

258 1046 412 1078 Servavit
438 1046 616 1087 virgineum
966 1046 1067 1078 Nullo
1095 1045 1155 1077 viri
1181 1046 1303 1077 semine

310 1094 385 1127 Pari
412 1093 526 1127 forma.
1018 1094 1072 1126 Fit
1100 1098 1266 1133 corrupta.

161 1184 223 1215 4a.
259 1181 350 1213 lllam
378 1182 464 1212 rexit
491 1181 611 1212 caritas
869 1181 933 1215 4b.
966 1181 1061 1213 Nunc
1088 1184 1199 1220 regnat
1228 1181 1260 1211 in
1287 1180 1416 1221 gaudio,

258 1229 303 1261 Et
329 1229 481 1262 mentalis
509 1229 665 1261 sanctitas
967 1231 1004 1262 In
1030 1237 1128 1260 aureo
1155 1229 1274 1260 scrinio

310 1277 402 1309 Valle
429 1280 551 1311 nostra.
1017 1278 1123 1309 Carne
1149 1282 1289 1316 sumpta.

163 1368 223 1400 ba.
256 1365 328 1397 Hac
354 1365 486 1396 auditus
513 1363 675 1406 redditur,
873 1364 936 1397 sb.
970 1364 1064 1397 Miris
1093 1363 1193 1405 fulget
1222 1363 1382 1404 pluribus,

259 1413 403 1446 claudus
430 1416 518 1445 recte
545 1413 704 1454 graditur,
970 1413 1138 1446 Succurrit
1166 1411 1357 1445 ardentibus

259 1462 332 1494 Hac
362 1462 465 1501 videt,
493 1470 575 1502 quae
602 1462 746 1494 cernitur
970 1462 1014 1494 Et
1039 1462 1150 1494 multis
1178 1461 1408 1502 languentibus

308 1511 391 1543 Esse
418 1519 524 1542 caeca.
1022 1512 1111 1543 Haec
1136 1511 1319 1550 praedicta.

163 1599 224 1631 6a.
259 1597 360 1639 Virgo
387 1595 561 1636 mellifera,
875 1597 941 1631 6b.
972 1596 1044 1630 Duc
1069 1606 1126 1629 nos
1151 1597 1184 1629 in
1210 1597 1345 1630 aethera

266 1646 431 1687 Absterge
458 1647 594 1685 scelera⁷
972 1645 1105 1687 Nosque
1133 1645 1316 1682 refoedera,

264 1695 340 1727 Tibi
366 1694 534 1736 supplicat
972 1695 1071 1735 Quem
1098 1696 1207 1735 genuit

312 1753 391 1785 gens
417 1753 548 1777 misera.
1022 1753 1197 1784 puerpera.

245 1816 383 1845 Officium
410 1816 520 1853 triplex
542 1817 700 1845 Gertrudis
727 1816 816 1844 divae
838 1817 966 1852 virginis
989 1817 1059 1852 imp.
1083 1816 1227 1844 Coloniae
1252 1815 1335 1843 1513.
1360 1831 1396 1834 —
1420 1814 1471 1848 la,
1501 1814 1519 1843 ‘3

166 1855 333 1884 Gertrudis.
360 1870 396 1875 -
428 1854 488 1889 512,
516 1854 535 1883 2
561 1858 634 1883 statt
659 1855 833 1883 ardentibus
858 1856 877 1884 l.
905 1856 1098 1883 carentibus?
1130 1873 1165 1876 —
1194 1856 1324 1883 Melodie
1356 1855 1521 1883 natiirlieh:

162 1895 449 1923 Laetabundus.

550 1959 622 1993 230.
659 1961 703 1992 De
724 1969 749 1992 s.
772 1960 929 1993 Gertrude
952 1961 1140 1993 Nivellensi.

166 2035 226 2068 1a.
264 2034 405 2075 Virginis
432 2035 581 2075 egregiae
878 2033 941 2068 lb.
975 2034 1035 2068 cui
1063 2035 1139 2066 dum
1167 2033 1306 2065 mundus
1333 2033 1439 2070 viluit,

260 2082 455 2115 Memoriam
483 2083 582 2116 hodie
975 2083 1135 2116 Castitate
1162 2082 1272 2114 floruit

311 2131 465 2165 Celebret
491 2133 641 2174 ecclesia,
1024 2132 1061 2163 In
1091 2132 1223 2162 caelesti
1250 2130 1365 2171 gloria.

163 2221 223 2254 2a.
257 2220 377 2253 Aetate
403 2220 577 2254 iuvencula
876 2218 940 2254 2b.
973 2221 1061 2252 Ante
1089 2226 1180 2258 reges
1206 2217 1344 2258 sistitur,

258 2268 378 2310 Spreta
405 2269 469 2302 viri
498 2270 616 2311 copula
974 2268 1025 2300 De
1052 2267 1176 2306 nuptiis
1204 2267 1312 2308 agitur

307 2319 432 2352 Tendit
456 2319 499 2352 ad
527 2320 694 2360 perennia.
1024 2315 1170 2348 Grandis
1198 2317 1435 2350 controversia.

159 2407 222 2441 3a.
254 2405 357 2439 Ducis
383 2407 478 2440 adest
504 2406 592 2440 filius
873 2404 939 2439 3h.
970 2405 1088 2443 Iactat,
1116 2412 1229 2445 genus,
1257 2403 1419 2446 redditus,

261 2454 461 2489 Promittens
487 2456 663 2490 instantius
972 2452 1072 2493 Virgo
1100 2453 1226 2493 spernit
1253 2454 1382 2494 penitus

307 2505 452 2546 Aurum,
480 2514 635 2548 gemmas,
662 2505 811 2547 praedia,
1022 2501 1066 2534 Et
1094 2501 1248 2543 profatur
1274 2503 1376 2537 talia:

1287 2559 1346 2589 14*
