1654 2756
209 336 271 370 la.

210 527 273 559 2a.

209 710 271 742 3a.

209 895 272 926 4a.

209 1080 272 1111 5³.

205 1263 268 1295 6a.

207 1496 267 1528 7a.

201 1681 260 1713 83.

201 1867 263 1899 9a.

178 2050 222 2084 10
232 2060 261 2084 a.

717 149 980 185 —277—

601 255 669 287 306.
711 254 753 287 De
774 255 885 286 sancto
907 254 1112 286 pantaleone.

303 337 343 369 In
370 337 510 369 excelsis
536 345 648 377 regum
673 336 754 379 regi,

306 386 370 418 Per
380 394 474 426 quem
483 389 610 418 constat
617 388 734 418 cuncta
744 383 824 426 regi,

354 435 469 467 Honor
494 435 537 466 sit
563 437 595 466 et
620 434 742 475 gloria3

306 525 521 565 Panthaleon,
549 524 608 557 flos
637 524 775 563 decoris,

306 574 420 606 Floret
447 575 556 615 proles
583 573 755 611 senatoris,

357 622 446 655 Civis
474 622 693 654 Nicomediae.

304 709 500 741 Hermolaus
528 708 707 740 catechizat

305 757 448 790 Unctum
458 761 578 796 mente,
594 762 666 797 post
678 756 825 799 baptizat

355 807 456 839 Praev
463 811 570 838 entum
599 806 766 839 miraculo.

305 893 492 926 Christiana
518 892 585 925 obit
613 897 725 934 mater,

307 941 432 975 Caecus
459 942 560 981 videt,
589 941 694 974 credit
718 945 823 982 pater,

355 989 612 1032 Confringuntur
636 990 743 1029 idola;

304 1079 428 1110 Iustum
437 1077 573 1117 lampas,
591 1086 680 1117 crux,
692 1080 822 1117 sartago

307 1125 484 1168 Torquent,
512 1125 596 1164 lapis
623 1130 655 1156 et
682 1133 801 1165 vorago

356 1174 529 1214 Aequoris,
557 1182 616 1204 nec
643 1173 793 1205 vincitur.

303 1260 402 1293 Ensis
429 1261 518 1301 rigor
545 1260 620 1291 dum
648 1260 808 1302 lentescit,

305 1309 437 1350 Signum
465 1309 561 1341 lictor
586 1308 799 1348 obstupescit,

355 1359 424 1390 Vox
449 1362 588 1389 testatur
616 1357 773 1390 bravium.

300 1494 410 1526 Arbor
437 1492 545 1525 fructu
574 1492 779 1533 fecundatur,

303 1543 369 1576 Sub
396 1551 459 1582 qua
485 1546 611 1582 martyr
637 1542 819 1575 decollatur

352 1591 462 1626 Currit
488 1592 539 1623 lac
565 1600 625 1631 pro
651 1591 817 1631 sanguine.

296 1679 362 1711 Sub
389 1679 486 1712 altari
514 1679 597 1710 clam
624 1679 752 1711 locatur

304 1729 393 1762 Cinis
419 1729 535 1768 sancti,
563 1732 659 1768 caput
687 1729 783 1760 datur

348 1777 434 1816 Tibi,
462 1777 540 1809 urbs
568 1777 771 1817 Byzantium,

295 1864 341 1897 Ut
377 1865 410 1897 in
437 1873 516 1896 auro
539 1873 665 1908 gemma
691 1868 817 1908 patens,

299 1913 353 1946 Sic
378 1914 411 1946 iu
438 1923 516 1946 auro
544 1918 642 1956 caput
668 1914 774 1946 latens

350 1961 497 1995 Laudum
525 1963 580 1995 dat
607 1963 756 2004 insignia.

293 2049 363 2090 Quo
387 2053 527 2092 patrono

295 2099 366 2132 Tuo
393 2099 489 2140 dono,

345 2149 486 2189 Christe,
515 2149 591 2182 dato

345 2197 448 2230 Nobis
473 2204 566 2239 grato

396 2248 463 2281 Fac
481 2258 540 2280 nos
559 2247 673 2289 dignos
688 2248 812 2292 gratia3

913 335 976 369 lb.

911 524 974 558 2b.

909 707 973 742 3b.

910 892 973 927 4b.

909 1077 970 1110 5b.

907 1259 971 1292 6b.

906 1493 967 1525 7b.

904 1679 968 1711 8b.

903 1865 966 1899 9b.

878 2052 922 2085 10
933 2052 964 2084 b.

1008 336 1090 369 Olim
1120 335 1215 376 digne
1240 333 1410 365 militantis

1009 382 1519 425 Martyris,nunctriumphantis‚

1056 433 1190 466 Canitnr
1217 432 1362 463 victoria.

1007 524 1204 557 Medicinam
1232 524 1395 564 edocetur,

1007 573 1086 612 Regi
1113 573 1219 614 placet
1248 577 1279 603 et
1306 575 1455 604 censetur

1057 621 1162 654 Aulae
1189 631 1318 653 consors
1347 620 1453 661 regiae

1006 709 1101 747 Puer,
1129 717 1232 748 angue
1259 709 1313 748 qui
1340 708 1471 749 ligatur,

1005 757 1085 789 Eius
1112 766 1208 796 prece
1234 756 1393 788 liberatur

1056 808 1084 838 A
1112 806 1200 837 letali
1228 805 1366 839 vinculo.

1008 892 1129 924 Gressu
1157 892 1264 924 claudi
1293 893 1523 932 comprobatur

1006 943 1092 973 Vera
1118 940 1215 983 fides,
1244 950 1318 980 spes
1346 940 1526 975 frustratur

1055 990 1265 1021 Sacerdotum
1294 989 1421 1022 frivola.

1002 1078 1086 1108 Ater
1110 1076 1201 1107 illum
1231 1085 1344 1108 carcer
1369 1078 1468 1118 angit,

1006 1125 1072 1155 Leo
1099 1133 1219 1163 pavens
1247 1125 1354 1165 lingua
1382 1128 1498 1169 tangit,

1056 1173 1158 1204 Rotae
1185 1177 1290 1205 strues
1319 1172 1489 1214 frangitur.

1007 1258 1188 1301 „Portus“,
1214 1260 1335 1302 inquit,
1368 1261 1520 1302 „naufra-

1273 1313 1402 1348 gantum

1005 1356 1072 1395 Es,
1101 1361 1270 1397 susceptor
1295 1358 1519 1398 tribulantum,

1051 1405 1228 1437 miserator
1253 1406 1428 1439 omnium“.

1001 1492 1126 1534 Corpus
1152 1493 1265 1524 albens
1283 1498 1518 1537 concrematur,

999 1542 1103 1581 Caput
1131 1542 1255 1573 salvum
1284 1548 1496 1576 conservatur

1049 1590 1137 1631 Ignis
1165 1600 1183 1622 a
1211 1592 1373 1631 voragine.

1000 1679 1091 1718 Quod
1120 1683 1193 1718 post
1218 1684 1271 1710 tua
1300 1688 1339 1711 ex
1366 1679 1459 1711 ruina

1003 1728 1182 1759 Teutonum
1210 1727 1287 1759 urbs
1314 1727 1498 1769 Agrippina

1051 1777 1186 1808 Gratum
1215 1775 1301 1808 fovet
1329 1777 1479 1817 spolium,

998 1864 1088 1897 Caeli
1117 1869 1229 1896 vernat
1257 1864 1289 1896 in
1317 1868 1435 1904 roseto,

999 1913 1116 1946 Mundi
1144 1912 1264 1952 fraglat
1291 1914 1322 1945 in
1350 1914 1479 1953 spineto

1047 1963 1177 2001 Martyr
1203 1971 1262 2002 per
1286 1963 1449 2002 prodigia.

997 2049 1074 2090 Ipso
1102 2049 1182 2081 duce

998 2099 1083 2131 Vera
1110 2098 1182 2130 luce

1046 2146 1285 2180 Perfundamur

1044 2197 1087 2229 Et
1115 2195 1261 2228 fruamur

1096 2245 1158 2277 Dei
1184 2247 1288 2286 patris
1316 2246 1429 2285 gloria.

250 2342 332 2370 Orat.
355 2344 385 2369 et
400 2342 541 2376 Sequent.
564 2349 617 2369 ms.
634 2342 800 2376 Campense
822 2341 894 2367 anni
918 2337 1000 2367 1462.
1018 2338 1087 2365 Cod.
1105 2338 1325 2366 Darmstadien.
1343 2336 1408 2366 521.
1426 2339 1460 2366 A.
1479 2354 1515 2359 —-

173 2380 266 2409 Grad.
286 2389 341 2408 ms.
363 2380 543 2408 Coloniense
565 2389 644 2408 saec.
666 2378 745 2414 ¹⁶lic.
766 2379 839 2408 Cod.
854 2379 966 2407 Semin.
981 2378 1136 2405 Colonien.
1160 2387 1182 2404 s.
1204 2388 1232 2405 u.
1252 2378 1284 2404 Β.
1298 2392 1337 2396 ·—-
1352 2379 1442 2406 Grad.
1462 2389 1516 2407 ms.

173 2420 205 2448 S.
226 2420 374 2456 Birgittae
395 2419 586 2448 Coloniensis
608 2421 679 2447 anni
697 2418 781 2447 1507.
796 2418 868 2448 Cod.
884 2420 915 2446 S.
930 2418 1055 2446 Martini
1072 2417 1226 2444 colonien.
1243 2426 1265 2444 s.
1282 2427 1308 2444 ιι.
1326 2419 1358 2444 C.
1374 2432 1411 2436 —
1427 2419 1515 2446 Grad.

171 2468 226 2486 ms.
241 2458 422 2488 Coloniense
443 2468 521 2487 saec.
544 2457 588 2487 16.
610 2461 650 2486 in.
666 2459 738 2488 Cod.
755 2459 851 2496 Capit.
866 2457 1022 2486 Colonien.
1039 2466 1060 2482 s.
1078 2466 1106 2484 n.
1123 2457 1158 2483 D.
1175 2472 1211 2475 —
1229 2457 1311 2484 Mis-s.
1334 2466 1387 2485 ms.
1405 2458 1515 2486 Novio-

172 2507 315 2536 magense
336 2507 413 2526 saec.
437 2496 482 2526 15.
505 2498 577 2527 eod.
592 2499 670 2528 Mus.
686 2498 904 2534 Noviomagen.
926 2499 968 2526 Ia
989 2498 1040 2524 Nr.
1062 2496 1089 2523 2.
1118 2495 1153 2523 E.
1176 2512 1213 2514 —
1234 2496 1319 2523 Miss.
1336 2497 1515 2527 Coloniense
