1654 2756
688 112 956 156 —134—

607 224 670 255 143.
701 224 744 255 De
770 224 870 256 Beata
891 225 992 257 Maria
1012 225 1048 256 V.

166 308 225 341 la.
254 308 311 339 Pia
337 312 440 338 mater
465 305 649 346 salvatoris,
861 306 920 340 lb.
948 305 1080 338 Nardus
1097 305 1237 348 spirans,
1264 303 1324 336 flos
1342 301 1488 344 pudoriS‚

249 355 294 386 Te
322 355 469 386 caelestis
496 354 584 385 stilla
610 353 693 385 roris
948 354 998 386 Tu
1024 362 1058 386 es
1084 354 1131 386 tui
1157 352 1365 394 plasmatoris

299 402 430 435 Plenam
459 401 537 433 fecit
563 402 677 442 gratia.
996 402 1041 434 Et
1066 405 1172 434 mater
1197 405 1230 433 et
1256 399 1334 432 filia.

159 481 218 511 2a.
246 479 310 510 Vas
338 478 502 515 virtutum,
531 488 587 510 vas
614 479 760 519 honoris,
859 479 919 513 2b.
946 480 1041 521 quta
1055 487 1183 511 crucem
1197 481 1288 509 stans
1302 480 1334 508 et
1344 476 1493 517 plorans,

247 526 315 558 Tua
342 528 445 559 nostri
473 527 529 558 des
557 527 678 558 doloris
948 527 1046 562 Caelo
1072 527 1118 559 sis
1144 535 1203 567 pro
1230 524 1322 557 nobis
1340 532 1441 556 orans

295 575 456 607 Levamen
483 575 685 609 elementiae.
997 575 1041 607 Et
1067 573 1176 606 ferens
1204 572 1361 606 subsidia.

162 653 224 684 3a.
253 651 315 683 Per
328 656 370 691 te,
389 652 542 692 clemens,
561 652 608 682 sic
622 652 789 691 laetemur,
863 652 921 686 3b.
951 651 1017 684 Fac
1042 660 1101 683 nos
1125 650 1172 682 sio
1197 654 1230 681 te
1256 649 1417 688 venerari,

250 700 294 733 Ut
321 710 339 731 a
366 700 516 732 sordibus
544 700 709 740 privemur
950 700 995 733 Ut
1021 699 1180 739 possimus
1207 697 1362 729 collocari

296 748 339 779 Et
366 747 466 780 hostis
496 748 656 787 versutia;
997 748 1033 778 In
1061 746 1195 778 caelesti
1222 745 1341 785 patria.

231 822 312 849 Orat.
337 831 388 848 ms.
411 823 607 859 Anglioanum
632 831 708 848 saec.
734 820 775 848 15.
812 821 883 849 Cod.
906 822 1051 849 Oxonien.
1077 818 1176 848 12403
1196 819 1300 853 (Rawl.
1317 819 1340 846 C
1360 818 1436 854 558).
1455 832 1492 837 —

155 860 203 895 la,
225 860 242 888 3
264 861 385 887 Plenam
407 861 447 888 fit.
470 875 506 879 —-
531 862 621 889 Dies-e
643 862 778 895 Sequenz
799 859 951 888 verdanke
973 860 1021 887 ich
1043 860 1117 887 Rev.
1140 860 1180 886 H.
1201 859 1409 886 Bannister.

600 964 663 995 144.
696 963 737 994 De
761 963 861 994 Beata
883 962 984 994 Maria
1005 963 1042 994 V.

160 1047 219 1077 1a.
249 1045 340 1085 Veni,
369 1050 481 1076 sancta
507 1044 624 1083 Maria,
858 1044 916 1077 lb.
947 1044 1039 1082 Veni,
1067 1048 1171 1075 mater
1196 1051 1388 1084 pauperum,

249 1093 345 1124 Mitte
372 1093 465 1124 nobis
492 1092 581 1124 varia
948 1093 1037 1130 Veni,
1067 1092 1176 1123 datrix
1203 1098 1382 1132 munerum,

248 1140 381 1172 Gratiae
409 1141 555 1172 donaria.
949 1140 1037 1178 Veni,
1066 1140 1147 1171 caeli
1174 1139 1338 1179 gaudium.

160 1219 220 1249 2a.
249 1216 454 1248 Consolatrix
480 1216 613 1257 optima,
858 1217 917 1248 21).
945 1216 1061 1256 Lapsis
1088 1225 1121 1247 es
1147 1215 1315 1253 auxilium,

248 1264 349 1295 Stella
376 1264 587 1300 lucidissima,
944 1264 1090 1295 'l'entatis
1118 1263 1289 1304 refugium,

248 1312 335 1344 Rosa
358 1310 635 1352 fragrantissima3
944 1311 1114 1343 Flentibus
1141 1312 1308 1344 solacium.

163 1392 221 1422 3a.
249 1391 357 1422 Mater
383 1387 578 1427 beatissima,
859 1388 918 1421 3b.
948 1388 1023 1420 Sine
1049 1393 1104 1420 tua
1131 1390 1235 1429 gratia

250 1437 373 1476 Regina
401 1437 599 1474 dulcissima,
946 1436 1060 1468 Sumus
1087 1437 1119 1468 in
1146 1438 1287 1476 miseria,

250 1486 330 1517 Esto
357 1484 448 1517 nobis
477 1485 600 1518 intima.
946 1485 1023 1517 luva
1049 1494 1118 1524 nos,
1147 1486 1237 1526 virgo
1263 1486 1353 1525 pias

163 1565 225 1595 4a.
254 1563 433 1600 Impetrato
458 1565 592 1601 septena
860 1561 919 1595 4b.
947 1561 1060 1592 Flecte
1087 1563 1186 1593 corda
1213 1563 1329 1603 rigida,

253 1609 393 1649 Spiritus
421 1609 525 1641 sancti
553 1609 647 1649 dona,
948 1608 1127 1642 Confoveto
1154 1610 1285 1652 frigida,

250 1657 362 1689 Deleri
389 1656 440 1690 fac
467 1658 613 1690 crimina.
948 1658 1042 1697 Sana,
1070 1667 1152 1698 quae
1178 1664 1251 1690 sunt
1278 1660 1443 1700 languida.

165 1738 225 1768 5a.
252 1734 303 1766 Da
329 1734 392 1765 tuis
418 1734 579 1777 fidelibuS,
859 1734 917 1767 bb.
946 1734 1090 1766 Ostende
1116 1736 1238 1767 vultum
1266 1738 1364 1780 pium,

254 1781 328 1813 Tibi
355 1782 570 1813 servientibus
948 1783 1023 1814 Post
1050 1789 1183 1815 mortem
1212 1786 1389 1825 propitium

254 1830 374 1861 Locum
400 1831 433 1861 in
460 1829 671 1869 caelestibus;
947 1831 1061 1863 Redde
1087 1832 1178 1864 nobis
1207 1834 1317 1867 tilium.

238 1905 429 1942 Balinghem,
465 1906 629 1932 Parnassus
664 1905 818 1931 Marianus
855 1905 923 1941 imp.
957 1906 1051 1933 Duaci
1089 1906 1170 1934 1624.
1201 1910 1235 1935 A.
1266 1924 1304 1927 —
1335 1911 1494 1944 Comerus‚

159 1947 300 1981 Magnum
322 1945 563 1981 Promptum-ium
587 1945 657 1979 imp.
680 1943 814 1970 Viennae
840 1942 921 1971 1635.
944 1945 978 1971 B.
1000 1960 1037 1963 —
1058 1947 1186 1974 Melodie
1208 1949 1373 1977 natiirlieh:
1401 1951 1494 1978 Veni

160 1988 286 2011 sancte
308 1984 480 2018 spiritus,
502 1982 613 2009 welche
635 1983 769 2017 Sequenz
791 1982 958 2019 iiberhaupt
981 1985 1026 2011 als
1048 1985 1176 2022 Vox-lage
1198 1987 1307 2015 diente.

610 2086 671 2118 145.
705 2086 748 2116 De
769 2085 867 2116 Beata
888 2087 989 2118 Maria
1012 2088 1047 2119 V.

169 2171 184 2202 1
203 2179 232 2201 a.
259 2168 416 2201 Conditor
441 2169 544 2201 almus
570 2169 725 2208 siderum,
850 2168 908 2202 lb.
935 2171 987 2202 Ad
1015 2171 1107 2204 huius
1134 2174 1245 2206 mundi
1272 2183 1443 2217 vesperum

258 2217 363 2249 Natus
389 2223 464 2249 ante
493 2216 673 2259 luciferum,
937 2218 1095 2251 Candoris
1121 2221 1221 2253 intrat
1246 2227 1374 2256 uterum

305 2265 463 2298 Mundum
498 2266 625 2298 salvare
651 2265 796 2305 cupienS‚
983 2267 1158 2308 Tamquam
1168 2279 1304 2310 sponsus
1314 2274 1496 2313 egrediens.

170 2345 228 2375 22.
256 2343 318 2374 Per
344 2344 520 2384 prophetas
547 2343 768 2384 praedicatur,
848 2342 908 2377 2b.
937 2344 1076 2376 oraculo
1103 2345 1268 2380 Gabrielis

258 2391 293 2422 In
319 2390 429 2432 figuris
456 2393 695 2424 demonstratur
937 2393 1063 2425 Mariae
1089 2394 1155 2427 lato
1183 2397 1222 2428 de
1249 2398 1348 2432 caelis

307 2439 377 2472 Hoc
404 2441 526 2482 grande
552 2440 761 2481 mysterium3
986 2441 1115 2474 Clarum
1143 2444 1175 2475 fit
1203 2446 1372 2483 indicium.
