1654 2756
714 166 975 202 -309—-

566 259 634 291 338.
679 259 720 292 De
742 261 862 293 sanctis
883 261 1113 302 Evangelistis.

170 349 230 384 la.
263 350 502 392 Quadriformis
528 353 689 393 animalis,
874 354 932 388 lb.
964 355 1135 392 Iohannes,
1165 355 1214 386 vir
1240 354 1407 394 virginalis

268 401 332 433 Per
367 402 452 441 quod
482 401 578 434 datur
601 403 653 434 lex
681 402 812 444 regalis,
969 404 1013 435 Et,
1039 403 1108 436 avis
1135 403 1324 443 imperialis,

319 449 420 482 Prosa
444 451 558 483 laudes
582 455 746 492 personet.
1018 452 1117 484 Verbi
1141 456 1268 491 partum
1296 451 1430 484 intonet.

167 537 232 571 2a.
265 536 344 569 Sinu
371 537 506 570 recubat
533 537 674 570 Messiae
872 538 936 573 2b.
969 540 997 570 A
1023 539 1153 572 Christo
1181 543 1314 570 vocatur
1341 538 1393 578 pie

269 586 386 619 Custos
412 586 546 626 virginis
570 585 708 624 Mariae,
970 588 1048 619 Post
1075 596 1195 618 arcana
1221 586 1420 627 prophetiae,

316 633 437 666 Forma
463 633 761 674 contemplantium.
1019 635 1095 667 Post
1124 634 1231 667 ferens
1258 635 1452 669 incendium.

169 721 233 754 3a.
264 720 415 752 Humano
442 721 533 752 vultu
559 720 756 759 Matthaeus,
873 721 932 756 3b.
966 723 1064 754 Lucri
1092 721 1145 753 hic
1172 723 1356 754 telonareus

269 768 320 800 Ex
346 768 464 808 quibus
489 767 527 800 fit
553 769 767 810 homo-Deus,
968 771 1076 811 Liquit
1103 774 1232 807 statum,
1260 770 1345 802 unde
1372 779 1457 808 reus,

317 817 556 850 Descendendo
582 819 696 851 texuit.
1018 819 1096 852 Cum
1125 819 1271 851 Christus
1298 819 1475 851 admonuit.

171 906 232 938 4a.
267 906 372 938 Lucas
401 904 527 937 bovinis
553 905 690 945 loquelis
872 905 937 940 4b.
970 906 1132 938 Christum
1160 907 1287 938 reducit
1314 906 1346 936 in
1375 906 1471 937 caelis

272 953 416 994 Virginis
442 958 474 986 et
501 953 665 986 Gabrielis
970 955 1013 987 Et
1040 955 1159 986 levitae
1186 958 1305 985 mactat
1333 954 1406 985 telis

319 1002 450 1043 Spargit
477 1011 570 1034 sacra
596 1001 736 1041 famina3
1020 1003 1112 1035 Pauli
1138 1003 1282 1034 scribens
1311 1003 1463 1036 carmina.

170 1091 230 1124 5a.
263 1089 329 1122 Leo
357 1089 488 1121 Marcus
873 1089 936 1123 5b.
971 1089 1092 1121 Currus
1121 1096 1236 1125 vester,

317 1138 403 1178 rugit
429 1138 592 1179 nobiliter,
1017 1138 1070 1177 qui
1095 1137 1361 1176 quadriformiter

267 1187 416 1220 Christus
443 1185 556 1224 surgit,
969 1186 1077 1220 Rotat,
1106 1184 1189 1216 ferat

316 1232 424 1278 [vivit]
450 1233 590 1273 agiliter,
1017 1243 1074 1264 nos
1101 1242 1226 1264 sursum
1254 1233 1371 1264 leviter

363 1281 530 1314 Infernum
558 1289 718 1313 reserans,
1067 1282 1095 1313 A
1123 1282 1242 1313 mundo
1267 1281 1421 1313 liberans.

241 1380 323 1406 Missi.
348 1388 400 1405 ms.
428 1378 626 1412 Augustinum
651 1378 722 1405 anni
749 1374 831 1405 1331.
853 1376 923 1404 cod.
948 1377 1088 1404 Tolosam.
1111 1374 1158 1403 93.
1182 1393 1217 1396 —
1239 1376 1295 1407 ⁴221,
1323 1375 1334 1403 l
1359 1377 1445 1404 Cinu.
1483 1392 1502 1394 -

163 1416 218 1451 31),
248 1417 259 1444 l
282 1418 387 1445 Luctis
408 1417 673 1444 hiartholomaeus.
696 1430 732 1434 ——
753 1415 803 1449 4a,
827 1414 845 1444 3
866 1415 965 1452 Virgit
989 1425 1074 1443 sacra
1095 1415 1213 1442 femina.

569 1550 637 1582 339.
678 1551 721 1582 De
742 1551 864 1582 sanctis
886 1549 1115 1591 Evangelistis.

168 1644 227 1677 la.
259 1643 428 1676 Adoretur
454 1644 510 1675 ille
538 1643 636 1677 Deus.
874 1642 935 1677 lb.
968 1642 1109 1681 Quorum
1138 1640 1258 1673 formas
1285 1641 1439 1681 aquilina.

266 1694 366 1733 Quem
396 1693 574 1731 lohanneS,
604 1701 697 1732 quem
725 1691 811 1723 Mat·
968 1692 1084 1734 Homo,
1113 1690 1170 1722 bos
1199 1695 1228 1722 et
1256 1690 1385 1722 leonina

446 1742 572 1782 thaeus,
1020 1741 1082 1772 Per
1108 1739 1229 1779 figuras
1256 1739 1415 1773 indicant.

318 1790 434 1833 Lucas,
451 1791 583 1823 Marcus
599 1789 809 1830 praedicant,

167 1880 230 1912 2³.
262 1880 375 1920 ActuS,
405 1878 505 1917 dicta,
533 1878 625 1918 signa
653 1877 787 1920 Christi,
871 1877 932 1911 2b.
964 1877 1090 1909 Taurus
1119 1880 1208 1908 notat
1236 1876 1430 1917 passionem,

166 2214 229 2247 32.

165 2401 229 2435 4a.

265 1927 385 1966 Vitam,
418 1932 552 1959 mortem
582 1927 730 1960 scribunt
755 1926 811 1958 isti
968 1926 1034 1958 Leo
1061 1926 1354 1963 resurrectionem,

313 1975 456 2016 Speciali
484 1976 607 2018 gratia:
1017 1976 1107 2007 Haec
1134 1979 1208 2006 sunt
1235 1974 1400 2015 specialia.

264 2025 386 2066 Aquila
412 2025 453 2058 de
479 2024 610 2057 numine
967 2025 1061 2057 Idem
1089 2022 1172 2062 fons,
1201 2024 1258 2055 sed
1286 2022 1383 2054 rivuli

260 2074 306 2107 Et
332 2073 428 2107 homo
455 2075 495 2107 de
521 2073 651 2106 homine
968 2073 1108 2111 Diversi,
1139 2072 1213 2104 dum
1241 2071 1359 2112 singuli

312 2123 469 2156 Tractant
497 2123 684 2164 evangelia3
1013 2121 1181 2163 Quaedam
1208 2122 1319 2153 dicunt
1347 2121 1494 2161 propria.

259 2213 373 2251 Amet,
402 2210 494 2253 fugat
521 2211 695 2243 daemones
870 2209 929 2245 3b.
963 2209 1073 2252 Saum,
1103 2209 1209 2247 docet,
1238 2207 1341 2241 reficit

261 2262 328 2295 Per
351 2261 500 2294 diversos
526 2269 666 2293 canones
742 2299 746 2303 .
967 2259 1136 2296 Doctrina,
1164 2266 1243 2298 quos
1270 2255 1373 2289 afficit

308 2310 434 2344 Eadem
461 2310 618 2350 materia3
1015 2308 1167 2347 Quaeque
1194 2307 1295 2347 pestis
1325 2307 1425 2341 varia.

260 2399 345 2432 Dum
373 2399 535 2432 caelorum
563 2402 657 2431 sonat
684 2397 794 2436 caelis,
870 2396 934 2431 4b.
966 2395 1078 2427 Dulcis
1105 2403 1212 2437 sonus,
1243 2393 1348 2426 dulcis
1375 2400 1463 2435 nota,

262 2449 423 2490 Quattuor
447 2448 632 2480 Ezechielis
968 2445 1069 2477 Notat
1096 2447 1186 2476 rotae
1213 2444 1315 2476 mixta
1342 2448 1414 2476 rota

313 2496 454 2530 Cantant
480 2497 654 2540 animalia;
1016 2493 1111 2526 Fidei
1139 2493 1304 2534 mysteria.
