1654 2756
720 166 768 172 .-
818 147 960 182 21-

182 241 224 276 11
238 251 268 277 a.
298 242 459 276 Panditur
886 245 969 279 111).
997 246 1114 279 Pateat

294 294 328 323 te
354 292 564 325 credentibus
590 293 678 336 vita3
997 294 1078 327 haec
1102 294 1307 327 cantantibus
1333 294 1393 326 tibi

725 372 742 405 1
749 374 780 405 2.
806 371 964 405 Alleluia.

253 437 338 465 Miss.
363 446 418 465 ms.
434 438 679 466 praedicatorum
695 439 940 476 Lugdunensium
962 447 1038 467 saec.
1061 437 1106 467 14.
1143 436 1215 468 Cod.
1232 439 1327 475 Capit.
1342 439 1517 475 Lugdunen.

172 476 198 503 A
225 473 252 503 6.
280 476 316 504 A.
338 491 374 496 —
396 476 480 504 Miss.
502 477 701 514 Lugdunense
731 479 802 514 imp.
824 478 964 515 Lugduni
992 476 1076 506 1500.
1098 479 1132 506 B.
1153 492 1189 497 —
1211 479 1296 506 Miss.
1316 478 1517 515 Lugdunense

173 515 245 551 imp.
267 515 408 552 Lugduni

432 513 515 543 1510.
536 516 567 544 C.
587 530 623 534 —
645 517 729 544 Miss.
750 517 951 553 Lugdunense
972 518 1042 553 imp.
1066 517 1205 554 Lugduni
1230 515 1312 545 1530.
1327 518 1364 545 D.
1380 533 1418 537 —
1434 517 1518 545 Miss.

174 553 379 590 Lugdunense
399 555 470 590 imp.
492 555 633 591 Lugduni
658 553 741 583 1556.
763 555 799 583 Ε.
821 572 857 575 -
879 553 929 588 2a,
945 554 963 583 3
985 556 1044 583 sibi
1066 557 1232 584 subiciente
1252 555 1288 584 Ε.
1309 570 1347 576 -
1367 554 1419 590 4a,
1437 555 1451 584 1
1474 565 1518 593 sq.

174 600 294 620 curnem
320 593 461 621 devincat
487 594 592 621 tartari
620 594 761 622 claustra.
783 609 820 614 —
842 593 894 626 4b,
918 593 933 621 1
964 594 1163 631 protopiausti
1186 595 1243 623 BC.
1265 611 1301 615 —
1323 593 1375 629 4b,
1395 593 1414 622 2
1435 605 1463 623 u.
1485 593 1516 622 5:

196 631 316 659 aradiso
342 635 525 660 restauraret
550 632 668 669 perdita
694 633 812 661 fuerant
837 634 947 661 femina
972 633 1117 666 (offenbar
1145 633 1288 667 entstellt)
1315 634 1459 663 ABCDE.
1480 648 1518 653 --

200 677 225 703 a,
241 668 259 698 2
273 671 459 707 gratulamur
473 671 564 700 BDE.
577 686 613 691 α-
631 670 666 700 10
681 671 835 700 Chelindri
850 672 914 700 BD.
927 687 963 692 —
975 670 1002 707 5,
1017 670 1035 700 8
1049 682 1077 701 u.
1094 671 1112 700 9
1127 672 1194 700 sind
1210 673 1518 709 korrespondierende

175 708 306 738 Glieder.

393 837 409 869 1

393 965 411 995 2

392 1090 423 1121 3.

390 1217 422 1249 4.

393 1853 426 1885 9.

369 1979 423 2012 10.

369 2107 424 2140 11.

546 767 573 798 4.
608 764 669 803 „De
695 765 875 798 dulcissimo
897 766 1023 798 Nomine
1044 767 1144 799 lesu.“

417 862 424 869 .
452 838 477 871 Ο
505 838 578 870 Iesu
605 838 752 881 benigne,

453 886 514 926 Qui
540 888 647 919 aulam
673 887 809 928 virginis
837 888 980 928 elegeras
1008 888 1113 931 digne,

418 989 426 996 .
455 964 507 998 Ex
532 974 595 1004 qua
622 965 713 997 nasci
738 965 870 998 voluisti
895 975 954 1005 pro
981 966 1218 1006 peccatoribus.

449 1013 505 1044 Me
531 1021 648 1045 revoca
673 1012 713 1046 ab
741 1013 923 1054 erroribus3

452 1090 594 1130 Lapsum
622 1091 653 1122 in
683 1090 811 1122 delictis
838 1101 935 1131 saepe

453 1138 503 1171 Ad
532 1138 677 1170 caritatis
704 1143 778 1171 tuae
805 1140 906 1172 reduc
932 1149 1121 1182 praesaepe,

451 1216 529 1249 Tuis
556 1225 674 1248 revoca
701 1217 884 1257 pecoribus,

451 1265 496 1298 Ut
521 1265 666 1305 gaudens
694 1265 800 1297 dicam
827 1274 899 1298 cum
925 1266 1131 1306 pastoribus:

417 1367 425 1375 .
454 1342 568 1375 Gloria
594 1342 626 1374 in
654 1343 790 1375 excelsis
818 1343 887 1376 Deo

454 1395 486 1422 et
511 1392 545 1423 in
571 1396 660 1423 terra
686 1401 751 1433 pax
780 1391 974 1425 hominibus.

418 1495 425 1502 .
454 1469 556 1509 Regia
577 1469 696 1510 proles,
724 1469 864 1512 Christe,

455 1518 510 1549 Me
536 1527 555 1549 a
582 1518 701 1550 callido
728 1521 863 1559 protege
890 1517 992 1559 hoste,

419 1621 425 1627 .
456 1595 504 1627 Ne
530 1599 605 1628 tuae
632 1594 757 1629 formae
784 1596 937 1628 honorem

453 1643 605 1684 Decipiat
630 1654 691 1684 per
716 1653 871 1678 errorem.

421 1750 424 1753 .
454 1722 514 1762 Qui
540 1725 670 1755 nostrae
696 1723 862 1763 particeps
890 1722 994 1756 factus
1021 1732 1055 1756 es
1082 1728 1225 1766 naturae,

453 1771 523 1804 Tuo
549 1781 600 1804 me
626 1771 759 1812 posside
786 1773 866 1805 iure.

454 1851 521 1883 Fili
547 1851 644 1893 regis,

453 1899 560 1932 Freno
586 1909 638 1932 me
663 1904 738 1932 tuae
765 1900 932 1933 circumda
958 1901 1049 1941 legis,

453 1978 532 2011 Cum
559 1980 706 2019 coeperis
732 1979 879 2012 iudicare
906 1979 1060 2020 populum
1089 1980 1123 2012 in
1150 1980 1286 2020 iustitia,

453 2028 529 2060 Mea
555 2037 618 2061 non
646 2028 831 2061 recorderis
859 2029 949 2069 vitia,

453 2106 517 2139 Sed
545 2107 675 2147 quando
702 2107 809 2140 salvos
836 2105 937 2139 facies
965 2106 1049 2139 filios
1077 2116 1268 2148 pauperum,

455 2156 507 2188 Ad
532 2164 643 2188 eorum
670 2165 721 2188 me
745 2156 843 2197 iunge
870 2155 1079 2190 consortium.

257 2223 341 2251 Miss.
364 2223 563 2251 Cracoviense
586 2225 656 2259 imp.
679 2225 842 2251 Cracoviae
867 2221 951 2251 1545.
972 2237 1007 2243 -ο
1032 2221 1075 2256 11,
1092 2220 1109 2250 2
1132 2224 1224 2260 iungi.
1241 2238 1277 2242 —
1292 2222 1370 2252 Eine
1392 2223 1527 2261 Sequeuz

180 2263 282 2299 einzig
303 2264 333 2290 in
354 2262 435 2291 ihrer
456 2263 526 2294 Art,
557 2264 659 2290 womit
678 2272 716 2291 zu
737 2262 929 2300 vergleichen
950 2264 990 2290 iflt
1011 2263 1043 2289 in
1064 2262 1176 2289 diesem
1197 2262 1300 2291 Bande
1322 2262 1370 2291 die
1393 2263 1529 2301 Sequenz

179 2302 234 2331 auf
250 2302 308 2330 den
328 2301 369 2330 hl.
388 2302 536 2330 [oachimz
562 2302 604 2337 „O
626 2303 713 2330 Iesu
729 2300 910 2330 Christe“.
924 2316 963 2320 —
977 2301 1055 2329 Kein
1074 2301 1308 2335 Parallelismus,
1330 2303 1400 2331 kein
1415 2304 1529 2340 Rhyth-

180 2350 260 2374 mue,
289 2342 377 2370 keine
399 2341 554 2370 Mehrzahl
581 2342 634 2369 der
657 2340 681 2369 1.
703 2342 834 2374 Person,
865 2343 922 2368 wie
950 2342 994 2368 sie
1022 2340 1070 2368 die
1097 2340 1240 2378 Liturgik
1260 2343 1444 2379 gewtisnlich
1465 2344 1529 2371 auf-

179 2382 280 2417 weist;
308 2390 366 2409 nur
394 2383 435 2410 ist
457 2381 542 2416 jedes
569 2378 747 2418 Zeilenpaar
775 2381 867 2409 durch
896 2380 952 2408 deu
978 2381 1064 2408 Reim
1091 2380 1273 2409 verbunden.
1318 2381 1380 2410 Der
1407 2382 1530 2411 letztere

179 2420 345 2454 Umstand,
374 2421 435 2449 und
462 2420 646 2449 namentlich
675 2421 728 2449 der
753 2420 852 2453 Platz,
881 2420 938 2447 den
964 2419 1013 2446 die
1034 2419 1171 2457 Sequenz
1200 2420 1244 2448 als
1268 2419 1398 2458 „Prosa“
1421 2423 1463 2450 im
1486 2431 1530 2451 er-

179 2459 320 2489 wiihnten
344 2460 469 2489 Missale
500 2461 672 2493 einnimmt‚
701 2459 819 2488 sichem
845 2459 893 2486 ihr
922 2459 954 2485 in
980 2461 1058 2487 etwa
1088 2459 1164 2487 auch
1192 2461 1279 2489 einen
1307 2459 1394 2489 Platz
1420 2461 1453 2490 in
1481 2462 1533 2491 der

178 2499 362 2538 Hymnodie.
