1654 2756
211 240 300 286 1022.
328 241 427 274 Astat
454 246 564 275 erecto
589 243 738 283 patibulo

323 297 395 321 cum
424 290 546 323 dilecto
574 291 736 332 discipulo

324 339 478 372 morienti
505 340 538 372 in
566 349 603 372 eo

319 395 377 419 suo
404 392 493 422 nato,

206 466 249 499 11
263 475 292 499 a.
320 465 407 497 Hinc
433 467 502 498 nati
529 475 647 506 corpus

319 514 353 545 in
381 515 506 555 gremio
532 513 709 548 confovens

319 562 472 603 virginali

321 614 353 642 et
385 614 515 645 unctum
542 619 652 643 murra

320 659 461 691 tradidit
487 659 685 701 sepulturae.

319 737 464 769 Pneuma
491 738 636 770 divinum

320 786 360 817 de
386 786 485 818 caelis
511 786 647 819 advenit

205 739 290 772 12a.

320 834 483 866 inundans
511 834 634 868 Christi
661 835 828 875 alumn053

321 913 390 945 Iam
418 913 598 945 advenerat

320 965 461 1002 tempus,
488 961 575 1002 quod
602 961 810 1001 praeviderat

319 1010 482 1050 sapientia

319 1058 382 1090 Dei
410 1058 526 1100 patris,
552 1061 586 1090 ut
614 1061 748 1089 matrem

318 1106 476 1147 virginem
503 1107 624 1138 locaret

319 1155 352 1186 in
383 1155 494 1195 caelis,
521 1154 630 1187 anima

320 1212 522 1243 corporeque
548 1203 696 1242 beatam;

207 914 251 947 13
263 923 291 947 a.

840 145 905 180 121

916 245 999 278 tob.
1028 245 1089 285 Qui
1116 243 1210 276 matri
1238 243 1284 275 ait
1312 243 1496 276 desolatae:

1031 294 1185 335 „Mulier,
1212 301 1262 333 en,
1292 296 1386 324 natus
1413 288 1521 329 tuus“;

1029 342 1166 375 Iohanni
1191 345 1319 374 autem:
1353 341 1470 383 „Ecce,

1027 394 1131 423 mater
1156 388 1246 422 tua“.

915 468 998 501 11b.
1026 469 1127 508 Quem
1154 471 1376 508 resurgentem

1028 526 1047 548 a
1071 516 1209 548 mortuis
1236 517 1405 556 conspexit

1026 564 1236 605 laetabunda,

1025 614 1236 645 scandentem
1266 613 1371 644 caelos

1027 662 1107 694 vidit
1135 670 1209 693 mox
1238 665 1398 694 secutura.

914 740 954 771 12
969 739 998 771 b.
1027 739 1091 771 Sed
1118 747 1198 780 prae
1222 738 1272 770 his
1301 738 1424 771 cunctis

1024 788 1137 820 visitat,
1162 796 1200 819 ac
1227 788 1334 828 replet

1028 845 1066 868 ac
1093 835 1217 869 solatur
1244 836 1319 868 Iesu
1345 839 1491 870 matrem.

912 915 954 946 13
966 914 997 948 b.
1026 914 1179 946 Gaudent
1204 914 1321 953 angeli,

1025 964 1189 995 laetantur
1215 963 1415 1003 archangeli,

1025 1012 1121 1043 simul
1146 1014 1215 1042 tota

1023 1059 1192 1091 beatorum
1221 1060 1328 1091 contio

1025 1108 1167 1139 exsultat
1193 1107 1345 1147 iubilans,

1025 1156 1137 1195 regina
1164 1156 1246 1187 caeli
1273 1165 1345 1187 cum

1023 1204 1150 1236 levatur
1175 1212 1274 1243 super
1295 1208 1394 1238 astra.

578 1279 633 1312 14.
662 1279 728 1312 Ubi
755 1290 812 1312 uos
840 1281 997 1321 sanguine
1024 1282 1092 1313 nati

663 1329 849 1370 redemptos

664 1379 870 1411 commendat
896 1379 1036 1410 creatori

663 1431 695 1457 et
722 1427 935 1468 redemptori.

271 1504 410 1531 Cantion.
433 1514 486 1531 ηις.
501 1505 684 1531 Terrurinum
701 1513 776 1532 saec.
796 1503 839 1531 15.
863 1503 944 1539 Cgm.
960 1504 1115 1531 Monaceu.
1133 1501 1197 1529 71⁴5.
1214 1517 1250 1521 —
1266 1502 1317 1534 2a,
1335 1502 1352 1530 2
1367 1513 1410 1540 sq.
1426 1504 1542 1530 cunctis

192 1544 222 1570 in
246 1544 382 1571 salutem.
406 1558 442 1562 --
464 1541 517 1574 211,
540 1529 562 1571 ΖΞ
579 1546 763 1577 conceptum.
786 1558 824 1562 ——
845 1540 899 1574 8b,
926 1540 943 1569 6
965 1545 995 1570 et
1020 1543 1200 1570 custodiunt.
1219 1559 1252 1561 —
1278 1541 1348 1573 lla,
1370 1541 1388 1569 4
1409 1543 1541 1569 vinctum

191 1592 301 1610 murra.

650 1677 710 1708 126.
743 1677 785 1708 De
808 1678 908 1709 Beata
931 1676 1033 1707 Maria
1056 1677 1091 1707 V.

548 1761 578 1793 1.
608 1757 697 1792 Audi
725 1770 795 1802 nos,
824 1769 897 1792 rosa
924 1759 1095 1799 virginum,

605 1808 713 1841 Tonos
740 1810 855 1850 accipe
882 1807 1142 1841 vociferantium.

605 1856 686 1897 Spes
713 1858 746 1890 in
774 1862 806 1890 te
833 1857 1037 1899 fugientium.

907 1935 969 1970 2b.
999 1934 1143 1968 (foncilia
1170 1934 1281 1970 filium,

997 1986 1174 2022 Christum,
1195 1989 1339 2015 nostrum
1357 1982 1542 2016 Dominum.

199 1940 262 1972 23.
291 1934 394 1970 Beate
420 1935 480 1968 flos
508 1936 651 1978 vallium,

289 1985 362 2018 Lux
391 1985 652 2026 parturientium.

198 2068 258 2100 32.
287 2061 476 2100 Damnosus
504 2063 638 2097 coluber
666 2074 704 2096 ne
733 2070 822 2098 voret
907 2067 925 2097 :3
939 2064 967 2099 b.
998 2061 1072 2103 Eia,
1101 2063 1198 2095 tellus
1225 2072 1287 2093 non
1315 2062 1428 2098 incisa,
1457 2064 1488 2092 te

336 2123 395 2146 nos
423 2113 701 2154 praevaricantes,

287 2163 530 2197 Pretiosissima
555 2162 669 2195 caelici

336 2222 415 2245 arca
441 2213 547 2253 panis,
576 2209 670 2243 effice

286 2261 354 2295 Nos
386 2266 497 2302 gratos
524 2264 687 2293 nutantes.

193 2343 254 2376 48.
284 2337 350 2375 Fos
381 2340 449 2373 divi
476 2340 618 2372 numinis

333 2392 366 2421 te
393 2389 546 2428 attendit,
568 2397 586 2420 o
613 2388 711 2429 alma,

286 2438 415 2479 Typum
443 2439 533 2470 tollis
560 2437 634 2470 rubi

334 2487 454 2519 sistens
480 2488 689 2527 intemerata,

1045 2117 1118 2144 sunt
1146 2115 1236 2143 vates
1263 2114 1502 2149 monstrantes3

998 2160 1305 2193 Dulcorosissimum
1333 2159 1502 2191 effundens

1049 2209 1188 2242 fructum
1216 2208 1292 2250 alvi,
1322 2207 1434 2240 reffice

1000 2258 1067 2290 Nos
1094 2257 1136 2290 ad
1164 2261 1195 2288 te
1223 2257 1412 2290 clamantes.

907 2337 965 2371 41).
997 2334 1137 2371 Germen
1164 2335 1238 2367 dum
1264 2337 1402 2368 suscitas

1043 2395 1081 2418 ac
1107 2385 1305 2427 praecaelibi
1330 2386 1440 2427 palma

995 2435 1145 2467 Saeclum
1170 2434 1328 2477 illustras,
1354 2439 1446 2471 terra

1047 2492 1201 2524 nusquam
1230 2488 1361 2517 exstans
1388 2489 1491 2520 arata.
