1654 2756
841 146 909 181 194
957 165 1006 170 -

905 242 969 276 3b.
1004 241 1055 274 Tu
1079 246 1206 283 martyr
1230 243 1396 279 emeritus.

1001 289 1172 331 Constans,
1199 290 1450 331 imperterritus,

999 337 1049 369 Tu
1074 337 1202 379 legatus
1227 339 1359 371 inclitus

1047 386 1078 418 A
1105 386 1282 419 Clemente.

215 249 274 280 3a.
309 247 358 278 Tu
385 247 554 287 distinguis
580 245 713 285 spiritus

306 295 462 328 Caelestis
490 294 651 326 exercitus

304 343 405 376 Paulo
432 343 512 375 duce
536 341 669 373 caelitus

353 391 398 422 Te
426 391 572 422 docente.

210 470 270 500 4a.
309 468 383 499 Post
411 466 508 506 feras,
535 465 695 506 incendia,

307 514 436 546 Crucem
464 518 494 546 et
521 514 689 554 opprobia,

305 563 453 596 Carceris
479 563 626 603 angustia

354 610 565 651 Manciparis.

903 463 967 497 4b.
993 463 1077 496 Dum
1104 468 1226 496 tractas
1253 463 1420 504 mysteria,

1001 512 1123 544 Christi
1150 521 1246 544 manu
1272 512 1409 553 propria

1001 560 1075 592 Tibi
1103 561 1200 594 datur
1226 561 1332 593 hostia

1051 608 1220 642 Salutaris.

213 690 273 720 5a.
309 688 386 719 Post
413 689 594 728 squalorem
621 687 760 719 carceris

305 736 413 767 Morte
440 737 570 768 tandem
596 736 749 775 plecteris

305 785 334 815 A
362 784 508 816 ministro
535 784 667 815 sceleris

356 832 552 864 DecollatuS.

907 685 970 720 5b.
1006 686 1071 718 lam
1098 695 1236 727 regnans
1261 686 1295 717 in
1320 686 1459 727 superis,

1005 734 1240 766 Condesceude
1265 734 1403 776 miseris,

1005 782 1090 821 Quos
1116 784 1186 815 iure
1211 792 1274 814 non
1302 782 1426 814 deseris

1052 831 1257 863 Patronatus.

293 907 376 934 Miss.
405 917 458 934 ms,
481 907 753 942 sandionysianum
783 915 859 934 saec.
884 904 926 933 15.
949 905 1021 933 Cod.
1043 905 1119 933 Bibl.
1144 906 1265 933 Nation.
1291 906 1356 933 Art.
1378 905 1545 933 Londinen.

212 944 291 973 1348
312 944 368 977 (18,
390 943 417 979 3,
439 944 495 979 91).
521 960 556 964 -
578 945 707 973 Melodie
730 944 994 972 wahrscheinlich:
1011 945 1155 972 Mariae
1177 945 1395 980 praeconio.

603 1058 666 1088 210.
700 1058 741 1088 De
764 1066 787 1088 s.
814 1056 961 1096 Dionysio
983 1058 1015 1088 et
1037 1056 1140 1088 sociis.

212 1138 270 1170 la.
307 1138 430 1177 Lauda,
459 1139 546 1176 Sion,
571 1149 642 1171 curn
671 1139 822 1179 clangore

307 1186 370 1218 Suo
396 1196 503 1226 regem
529 1188 560 1218 in
587 1187 713 1224 decore,

355 1234 499 1273 Trinum,
526 1244 621 1266 unum
648 1236 681 1265 in
707 1234 787 1274 usia,

213 1312 272 1343 2a.
309 1311 427 1342 Rerum
455 1312 574 1351 gradus
593 1311 844 1351 conformantur,

307 1358 391 1390 Dum
419 1364 527 1392 creata
553 1360 726 1391 triniantur

356 1407 392 1438 In
420 1408 493 1447 ima,
521 1418 653 1441 summa.
681 1408 806 1448 media,

213 1484 274 1515 33.
310 1483 381 1516 Eia.
411 1486 506 1515 decus
533 1485 728 1524 Atticorum,

309 1531 432 1574 Gaude,
450 1533 533 1572 quod
550 1542 588 1564 ex
604 1537 634 1563 te
651 1532 847 1564 Graecorum

356 1579 432 1611 Flos
460 1580 564 1618 fluxit,
591 1581 786 1621 Dionysiu53

214 1659 274 1688 4a.
309 1657 475 1688 Rusticum
503 1667 563 1696 pur
589 1663 695 1689 votum
724 1658 752 1688 ei

309 1704 427 1737 Sociat.
455 1705 590 1737 electum
619 1705 677 1736 Dei

359 1753 464 1792 lungit
491 1757 521 1783 et
547 1753 779 1784 Eleutherium.

216 1831 275 1861 53.
309 1828 351 1860 Hi
378 1834 451 1860 sunt
479 1828 579 1860 nubes
607 1829 836 1869 discurrentes,

311 1876 433 1908 Manna
457 1877 539 1908 caeli
565 1877 784 1917 compluentes

361 1924 507 1957 Siccitati
533 1926 720 1968 gentilium3

215 2003 275 2034 622.
312 2001 452 2043 Flagris,
481 2000 568 2044 feris,
597 2002 680 2042 igne,
709 2011 803 2033 cruce

312 2049 402 2081 Torti
432 2054 617 2090 catastaque
645 2056 735 2081 truce

362 2098 470 2130 Vincti
496 2099 615 2131 dantur
640 2099 811 2141 ergastulo,

216 2175 274 2207 7a.
310 2174 438 2207 Exhinc
464 2175 608 2208 dolabris
631 2179 792 2215 secantur,

313 2222 393 2254 Tres
420 2223 586 2256 columbae
611 2227 834 2264 protestantur

361 2270 477 2304 Clarae
502 2272 615 2304 mortis
641 2272 819 2304 victoriam.

220 2347 282 2381 8a.
317 2348 353 2390 O,
381 2358 477 2388 quam
502 2348 637 2382 floridus
664 2353 713 2382 est
738 2349 841 2382 lectus

311 2397 447 2439 Horum,
475 2399 559 2431 rosis
585 2399 698 2431 hortus
725 2401 841 2438 tectus

358 2445 446 2478 Urbs
474 2447 610 2480 celebris
627 2456 687 2488 per
705 2446 851 2480 saecula!

907 1138 967 1171 1b.
1004 1140 1102 1170 Astra
1131 1140 1182 1171 cui
1206 1139 1362 1171 matutina

1002 1187 1077 1218 Sine
1104 1187 1166 1218 tine
1191 1187 1319 1219 laudem
1347 1187 1431 1219 trina

1050 1234 1192 1266 Iubilant
1218 1235 1251 1267 in
1278 1235 1449 1268 ierarchia.

906 1311 969 1344 2b.
1006 1311 1117 1342 Trium
1145 1322 1226 1344 unus
1253 1312 1305 1344 hic
1330 1313 1530 1352 complexus,

1003 1360 1101 1398 Quem
1129 1361 1248 1392 amoris
1274 1360 1381 1392 firmat
1407 1369 1521 1402 nexus,

1053 1407 1173 1439 Salutis
1197 1408 1252 1439 dat
1279 1409 1432 1441 remedia.

908 1483 979 1516 3b:
1006 1484 1065 1516 Cui
1093 1485 1195 1517 Roma
1222 1486 1278 1517 dat
1304 1486 1478 1526 primatum

1005 1532 1119 1564 Gallae
1146 1535 1262 1573 gentis,
1287 1535 1510 1574 praesulatum

1056 1580 1203 1613 Lutetiae
1229 1583 1388 1615 Parisios.

909 1660 930 1690 4
944 1667 973 1690 a.
1009 1657 1169 1698 spargunt
1189 1668 1279 1690 suum
1299 1660 1414 1691 stellae
1428 1660 1547 1697 lumen,

1005 1705 1126 1738 Fontes
1153 1707 1237 1738 vitae
1263 1706 1364 1738 fluunt
1391 1706 1509 1740 flumen

1053 1752 1185 1786 Sacrum
1214 1755 1256 1787 ad
1282 1756 1510 1790 ministerium.

910 1829 972 1862 5b.
1009 1831 1099 1868 Quod
1128 1832 1221 1872 plebs
1249 1833 1330 1865 dura
1356 1832 1527 1877 fastidivit,

1006 1877 1124 1911 Natum
1152 1890 1280 1920 passum
1308 1886 1345 1913 ut
1369 1882 1496 1914 audivit

1055 1927 1092 1959 ln
1118 1937 1214 1960 carne
1240 1929 1302 1961 Dei
1328 1930 1440 1963 filium.

911 2002 973 2037 fib.
1009 2004 1094 2042 Quos
1118 2006 1172 2037 lux
1199 2006 1311 2047 ingens
1339 2008 1494 2048 visitavit,

1007 2052 1044 2083 In
1070 2062 1133 2092 qua
1160 2055 1274 2086 ducem
1301 2064 1358 2087 rex
1384 2057 1523 2089 armavit

1057 2100 1211 2142 Corporis
1238 2104 1287 2135 sui
1313 2105 1454 2144 pastulo.

915 2175 976 2211 7b.
1010 2177 1147 2211 Praesul
1172 2184 1270 2220 caput
1295 2180 1361 2213 fert
1387 2186 1518 2216 extente

1014 2224 1120 2259 Choro
1145 2237 1299 2268 superum
1325 2234 1461 2262 canente

1062 2273 1141 2306 Cum
1167 2277 1310 2309 Alleluia
1337 2277 1494 2312 Gloriam.

917 2349 980 2383 8b.
1018 2349 1161 2384 Gemmis
1188 2354 1284 2386 claris
1309 2356 1462 2389 redimita

1012 2399 1136 2440 Hisque
1163 2402 1281 2434 clarius
1306 2405 1411 2444 polita

1061 2447 1152 2481 Caeli
1178 2451 1389 2492 resplendent
1406 2455 1553 2495 specula.
