1654 2756
179 221 237 251 5a.
265 219 360 251 Nunc
385 218 516 250 sustulit
541 217 637 249 etiam

262 267 429 299 beatorum
455 265 594 299 omnium

260 316 384 347 animas
411 318 442 346 et
467 314 655 354 prophetas,

264 401 349 433 Hinc
374 400 502 433 mulieri

263 449 427 490 apparuit,
454 457 525 481 cum
554 448 665 488 voluit,

262 506 344 537 qnae
372 502 422 529 est
443 497 572 530 nomine
599 498 687 529 dicta

261 546 378 587 Maria,

176 403 236 436 6a.

175 633 233 667 7a.
264 633 378 675 „N010‚
404 631 552 676 tangas“‚
580 635 636 674 ait,

263 682 441 723 „manibus,
469 682 586 724 Maria,

260 729 326 761 Sed
352 730 416 762 cito
443 731 546 761 veloci

260 779 390 810 tramite
417 779 530 811 nuntia

260 824 428 866 fratribus,
455 836 540 859 nunc
566 827 686 859 adeant

259 878 366 906 mente
392 874 486 916 bona,

261 932 311 954 me
338 927 472 955 cernant

260 975 296 1003 ut
321 972 354 1003 in
381 971 576 1012 Galilaeam‚

178 1058 237 1091 Sa.
266 1059 372 1096 Cuius.
399 1059 549 1099 petimus,

262 1107 355 1139 nobis
382 1107 503 1139 tribuat

262 1155 458 1187 resurrectio
480 1163 567 1197 vera,

711 139 758 145 .-
808 119 855 155 34
903 139 952 146 ..-

875 216 935 251 5b.

962 216 1049 257 Quas
1075 215 1212 249 daemon
1237 215 1399 249 habuerat

962 267 1127 297 tortuosus
1153 264 1340 297 recubando

964 312 1118 353 voragine
1143 315 1259 346 taetra.

872 398 932 434 6b.
958 400 1060 441 Quam
1086 399 1182 432 turba
1208 399 1300 441 prius

875 632 935 667 ‘³b.

877 1059 934 1091 8b.

553 1242 586 1274 9.
614 1241 658 1273 Et
685 1241 793 1274 dulcia
820 1242 946 1274 cantica

616 1290 822 1321 concinamus
847 1291 882 1321 in
907 1290 1051 1323 aethera.

960 449 1148 481 daemonica
1174 450 1350 480 vexaverat

961 501 1010 529 est
1036 501 1067 529 et
1092 497 1153 529 hoc
1177 497 1354 529 miserante

961 550 1082 578 curata.

962 633 1005 666 Et
1033 634 1130 666 Petro
1156 632 1246 666 fideli

961 681 1126 723 replicans
1150 681 1271 721 indica,

960 731 1052 771 Quod
1078 740 1142 762 non
1167 733 1340 763 tenuerunt

960 778 1132 812 Dominum
1158 783 1294 816 tartara.

961 827 1036 866 Sed,
1063 831 1110 866 ut,
1137 835 1222 870 ecce,
1250 831 1284 859 tu
1309 827 1412 870 vides,

962 876 1025 908 iam
1049 880 1181 918 remeat,

962 925 1026 956 iam
1055 927 1170 956 cuncta

963 976 1074 1004 creata
1099 970 1292 1013 gubernat“.

963 1059 1008 1092 Ut
1033 1067 1214 1091 mereamur

962 1117 1062 1147 regna
1088 1116 1159 1139 cum
1185 1107 1306 1139 sanctis

962 1155 1110 1187 obtinere
1136 1155 1232 1188 beata

243 1355 327 1382 Miss.
343 1357 545 1383 Novioniense
563 1358 631 1390 imp.
649 1358 807 1393 Rotomagi
826 1353 908 1384 1506.
921 1370 956 1374 —
970 1355 1021 1388 23,
1036 1356 1050 1383 1
1066 1357 1167 1384 Tertio
1182 1365 1310 1392 namque
1325 1357 1373 1384 die
1388 1358 1456 1385 sibi.
1468 1372 1505 1376 —

171 1391 225 1426 212,
244 1392 256 1420 l
278 1393 361 1422 Ohne
385 1396 514 1422 Initiale.
534 1410 572 1414 —
593 1394 645 1427 6a,
664 1395 676 1422 1
699 1395 812 1422 mulier.
834 1409 872 1414 -—
893 1393 943 1428 8a,
960 1393 978 1422 3
1002 1397 1226 1422 resurrectione.
1245 1408 1281 1413 -—
1303 1396 1361 1422 Die
1375 1396 1506 1423 Melodie

173 1434 212 1459 ist
233 1432 370 1460 sichtlieh
394 1432 641 1468 „Concordia“
664 1434 732 1465 (Cfr.
757 1434 842 1461 Anal.
864 1434 974 1470 Hymn.
996 1434 1070 1465 Vll,
1098 1435 1148 1461 Nr.
1170 1431 1226 1467 50).
1269 1434 1325 1461 Str.
1348 1434 1390 1461 4a
1411 1444 1439 1461 u.
1461 1434 1507 1462 4b

170 1471 269 1499 haben
292 1473 331 1499 im
353 1473 441 1500 Grad.
466 1483 518 1500 ms.
540 1474 725 1500 Nivernense
746 1472 827 1504 [Cod-
850 1473 977 1500 Parisin.
999 1470 1087 1506 9449)
1106 1472 1222 1508 gleiche
1236 1472 1367 1500 Melodie
1388 1474 1434 1501 bis
1458 1473 1512 1501 auf

169 1509 223 1542 41),
247 1509 278 1541 3,
305 1511 371 1538 sind
393 1513 464 1539 aber
484 1512 550 1539 dort
572 1521 608 1539 zu
632 1514 740 1539 einer
762 1511 888 1548 Strophe
908 1513 1068 1547 vereinigt.
1091 1511 1143 1538 der
1163 1512 1230 1539 eine
1251 1511 1506 1549 Parallelstrophe

169 1549 424 1585 gegeniibersteht.
464 1551 600 1578 Letztere
622 1551 696 1578 fehlt
716 1550 873 1586 durchweg
897 1552 927 1577 in
948 1551 1005 1577 den
1027 1551 1237 1578 Martialenser
1256 1552 1333 1585 mss„
1354 1552 1409 1579 wie
1431 1551 1508 1579 auch

169 1587 233 1615 hier
255 1589 294 1615 im
311 1589 392 1616 Miss.
408 1590 618 1617 Noviomense.
654 1590 783 1617 Hierauf
800 1589 925 1625 griindet
940 1589 1002 1616 sich
1017 1589 1064 1616 die
1080 1590 1250 1626 vorgelegte
1264 1590 1508 1626 Textabteilung.

565 1722 614 1752 20.
650 1722 684 1752 In
707 1721 950 1753 Resurrectione
973 1720 1116 1759 Domini!

578 1805 609 1836 1.
637 1803 753 1835 Festus
780 1803 872 1835 adest
900 1802 991 1835 nobis
1020 1803 1088 1835 dies

874 1890 933 1924 2b.
961 1892 1048 1924 Grex
1075 1892 1178 1924 almus
1204 1892 1370 1926 subintrat

963 1948 1034 1970 cum
1061 1944 1193 1980 pastore
1221 1938 1305 1985 [sua]

965 1988 1084 2020 Laetus
1111 1990 1153 2021 ad
1179 1993 1292 2030 optata

963 2042 1097 2069 aeterna
1123 2047 1255 2079 pascua,

179 1893 238 1924 Za.
266 1890 427 1925 Colendus
455 1891 571 1923 devota

264 1940 419 1972 mentium
446 1939 582 1981 cultura,

264 1990 302 2022 In
329 1997 391 2028 quo
417 1992 562 2020 reserata

265 2037 412 2078 paradisi
437 2041 552 2078 porta;

180 2126 240 2159 3a.
270 2124 462 2164 Gaudetque
875 2123 933 2156 3b.
964 2123 1075 2157 Gloria

268 2182 338 2205 cum
365 2173 436 2214 ipso
463 2173 681 2214 redemptore,
708 2173 763 2213 qui
964 2172 1043 2204 vivit
1066 2173 1162 2212 alma,
1189 2175 1223 2206 in
1249 2184 1311 2215 quo
1337 2177 1426 2208 salus

266 2226 424 2262 perpetua
964 2224 1060 2261 atque
1086 2222 1155 2254 vita

266 2275 369 2302 morte
396 2280 493 2303 saeva
519 2271 690 2311 redempta
965 2274 1159 2309 permanent
1183 2271 1253 2304 sine
1279 2276 1376 2309 meta,

179 2361 240 2392 4a.
268 2359 293 2391 Ο
321 2359 460 2400 Christe,
487 2358 693 2399 redemptor!
869 2356 934 2390 4b.
960 2357 986 2390 Ο
1013 2358 1082 2391 vita
1109 2357 1224 2392 beata!

656 2447 716 2479 40.
745 2446 771 2480 Ο
798 2445 851 2478 via
878 2445 1020 2479 directa!
