1654 2756
692 158 933 195 -27-.

149 255 194 289 16
206 263 236 289 a.
265 255 326 288 Est
351 266 371 288 a
397 266 493 290 cruce
520 258 707 298 resolutum,

264 305 386 338 Pannis
412 306 541 339 mundis
566 307 756 347 involutum,

315 353 511 395 Sepulturae
537 356 714 395 traditum;

151 432 194 466 17
208 442 238 469 a.
267 433 341 465 Non
370 441 530 466 cessemus
554 433 726 465 memoran'

264 483 424 521 Anguem,
454 481 554 513 vitam
581 481 744 523 speculari

312 529 439 562 Inimici
465 530 642 570 praesidio.

151 607 196 642 18
207 617 239 641 a.
266 608 340 640 Iesu
368 606 506 645 Christe,
535 607 639 640 victor
662 607 756 647 bone,

264 656 328 688 Cor
355 656 530 687 contritum
557 665 627 687 cum
655 656 782 688 latrone

262 704 323 742 Da,
353 704 551 744 triumphum
579 705 611 736 in
637 713 751 744 agone,

261 752 305 784 Et
332 755 498 784 contectos
525 754 676 792 passione

310 800 418 833 Ducas
445 801 488 833 ad
516 801 682 834 caelestia.

215 877 339 906 Collect.
372 887 424 904 ms.
458 878 615 905 Suecicum
647 886 723 904 saec.
760 876 804 904 15.
856 878 927 905 Cod.
960 878 1102 905 Hafuien.
1135 878 1171 903 A.

823 259 867 291 16
875 258 908 292 b.
936 257 1060 299 Corpus
1072 259 1242 299 pulchrum
1253 257 1300 288 sic
1309 256 1483 295 detectum,

934 307 1137 340 Immolatum
1169 311 1201 338 et
1227 304 1408 338 confectum

984 356 1044 387 Est
1071 356 1189 396 sigillis
1216 354 1392 388 conditum.

827 434 869 466 17
882 433 914 466 b.
943 432 1098 465 Passione
1123 442 1181 465 sua
1207 442 1282 466 cara

937 481 1017 512 Tam
1050 481 1199 514 miranda
1225 490 1319 521 quam
1346 488 1456 512 amara

987 529 1056 561 Nos
1083 530 1193 562 reddit
1218 530 1351 572 palatio,

827 607 911 641 18b.
940 607 1173 649 Deprecantes,
1201 617 1219 639 o
1246 607 1365 645 Maria,

936 655 1030 687 Haec
1057 657 1211 688 threnosa
1232 655 1360 687 theoria

939 704 1160 737 Memorantes
1170 713 1243 736 mox
1255 706 1454 743 praeservat,

938 752 991 785 Sic
1019 753 1204 792 redemptos
1230 760 1270 784 ne
1290 753 1456 791 demergat

985 801 1131 833 Horrida
1157 800 1316 833 molestia.

1204 879 1242 904 M.
1272 875 1319 903 45.
1348 874 1420 904 1V0.
1447 889 1484 893 -

139 914 192 948 21³,
215 914 232 942 6
261 925 296 943 zu
326 916 473 944 madiavit
499 916 550 943 cfr.
578 917 644 943 d‘an.
673 917 737 943 mad
765 928 802 938 s-
831 918 944 953 Speise.
968 931 1004 935 —
1032 915 1084 949 41),
1106 914 1124 943 3
1150 917 1309 943 Addantes.
1336 931 1367 934 —
1392 914 1445 947 7b,
1467 911 1485 940 ‘2

137 954 309 991 colligatus.
324 970 361 972 —
382 953 434 989 9a,
452 955 467 982 1
489 956 685 983 conclavaris.
701 970 738 974 —
758 954 811 988 ea,
829 954 847 982 3
865 955 972 983 Corda.
989 972 1027 975 —
1049 954 1120 987 1322,
1140 954 1154 982 1
1178 956 1301 982 aditum.
1318 970 1356 974 —-
1374 953 1444 986 141),
1469 951 1483 979 1

139 995 366 1022 conturbantur.
388 1009 426 1012 —
450 992 520 1026 17b,
541 992 559 1021 2
580 996 664 1022 Nam.
687 1009 725 1014 —-
746 994 804 1022 Cfr.
828 995 1000 1030 Klemming
1021 994 1057 1022 11.
1081 1003 1108 1030 p.
1130 992 1167 1021 85
1190 1004 1251 1030 sqq.

523 1087 565 1117 10.
602 1087 661 1125 „De
686 1087 710 1118 V
732 1087 925 1119 Vulneribus
949 1087 1094 1118 Christi.“

146 1160 163 1193 1
182 1168 211 1191 a.
241 1159 344 1191 Dulce
371 1159 492 1199 lignum
520 1159 703 1194 adoremus.

236 1208 356 1239 Dulces
387 1208 497 1239 clavos
524 1207 728 1248 honoremus,

234 1256 354 1289 Omnes
372 1255 538 1288 Christum
558 1256 779 1288 collaudemus

286 1306 348 1338 Per
374 1305 478 1337 crucis
505 1305 706 1346 mysterium.

146 1385 207 1417 2a.
235 1383 260 1416 O
287 1391 377 1423 cruit,
405 1392 475 1424 ave,
503 1383 662 1422 speciosa,

237 1431 415 1463 Vetustatis
441 1440 519 1463 vera
545 1432 645 1472 glosa,

237 1479 431 1512 Rubicunda
458 1479 546 1511 velut
574 1489 658 1517 rosa,

283 1527 369 1569 Agni
393 1528 482 1569 picta
509 1529 675 1569 sanguine.

147 1608 204 1641 3a.
234 1607 315 1648 Ave,
343 1606 432 1638 scala
458 1610 678 1647 peccatorum7

235 1657 298 1688 Per
304 1663 399 1696 quam
408 1654 567 1695 Christus,
575 1664 632 1687 rex
641 1656 813 1697 caelorum,

236 1704 334 1736 Fines
364 1706 498 1744 tangens
525 1705 728 1736 saeculorum

288 1752 340 1786 Ad
369 1761 403 1783 se
431 1752 532 1784 traxit
558 1752 674 1786 omnia.

850 1159 908 1192 lb.
939 1158 1046 1198 Salve7
1074 1159 1206 1198 lignum,
1236 1159 1322 1198 quod
1350 1158 1440 1190 fuisti

937 1207 1079 1247 Dignum
1108 1206 1193 1238 ferre
1213 1216 1330 1247 corpus
1351 1207 1482 1246 Christi,

935 1254 1064 1288 Mundo
1089 1255 1183 1295 lapso
1211 1256 1376 1287 contulisti

988 1305 1098 1337 Vitam
1126 1308 1158 1336 et
1183 1305 1366 1345 imperium.

846 1383 911 1416 2b.
941 1383 1004 1415 Per
1028 1387 1060 1414 te
1079 1382 1228 1415 Christus
1254 1392 1313 1414 nos
1332 1382 1481 1424 salvavit,

937 1431 1106 1464 Inimicum
1135 1432 1211 1463 dum
1239 1431 1417 1470 prostravit

937 1479 980 1511 Et
1006 1490 1064 1512 nos
1091 1489 1109 1511 a
1136 1480 1279 1520 peccatis
1306 1481 1385 1512 lavit

986 1529 1103 1561 Cordis
1130 1529 1179 1560 sui
1206 1528 1347 1562 flumine.

850 1607 910 1641 3b.
939 1607 1192 1639 Omnesnuncad
1201 1611 1347 1638 sanctam
1356 1615 1483 1638 crucem

935 1655 1157 1696 Deprecemur
1172 1655 1335 1688 Christum
1357 1657 1481 1696 ducem,

941 1705 987 1738 Ut
1004 1710 1077 1745 post
1097 1708 1231 1736 mortem
1250 1714 1308 1736 nos
1326 1705 1359 1736 in
1377 1705 1483 1736 lucem

990 1754 1154 1786 Perducat
1181 1763 1251 1785 cum
1279 1754 1391 1793 gloria.

212 1830 297 1857 Miss.
327 1838 380 1857 ms,
402 1829 569 1858 Praedicat.
592 1830 799 1859 Vindobonen.
829 1832 899 1858 anni
925 1829 999 1858 1477
1019 1830 1106 1865 (Pars
1127 1832 1175 1864 ΙΙ).
1220 1830 1289 1858 Cod.
1312 1830 1479 1858 praedicat.

135 1869 344 1897 vindobonen.
367 1867 433 1897 213.
458 1884 492 1888 —-
515 1869 644 1897 Enthiilt
662 1870 875 1898 verschiedene
896 1870 1138 1907 Entlehnungen.
1155 1885 1192 1888 —
1214 1869 1298 1898 Met:
1322 1870 1483 1897 Verbum

138 1909 281 1937 bonum.

595 1974 631 2006 ll.
666 1975 706 2006 De
727 1974 873 2007 Lacrima
895 1975 1023 2007 Christi.

147 2047 163 2080 1
178 2055 206 2079 a.
235 2047 261 2080 Ο
288 2047 424 2079 lacrima
449 2047 600 2089 gloriosa,

234 2096 341 2137 Super
366 2105 476 2128 omnes
502 2097 646 2136 pretiosa

283 2145 475 2178 Sanctorum
501 2145 667 2187 reliquias,

144 2226 207 2258 2a.
235 2223 380 2257 Lazarus
407 2224 643 2265 quatriduanus

232 2273 367 2314 Ligatus
393 2274 495 2316 pedes
520 2279 552 2305 et
578 2283 692 2306 manus

280 2321 414 2355 Iacebat
439 2323 472 2355 in
500 2323 643 2364 tumu103

143 2403 205 2436 32.
233 2400 286 2434 Ab
313 2401 428 2442 angelo
453 2400 520 2434 fide
546 2401 645 2442 plena

235 2450 282 2482 Te
310 2451 428 2483 devota
453 2450 653 2491 Magdalena

280 2499 456 2540 Suscipere
481 2500 610 2532 meruit.

848 2047 908 2083 1b.
937 2048 986 2079 Tu
1014 2049 1054 2080 de
1078 2048 1132 2089 pio
1161 2050 1259 2081 corde
1286 2047 1408 2079 Christi

933 2097 987 2130 Ad
1017 2097 1134 2129 Lazari
1160 2096 1311 2138 prodiisti

982 2145 1189 2187 Plangendas
1214 2145 1378 2185 exequias,

850 2224 910 2258 2b.
940 2224 1089 2257 Christus
1116 2223 1207 2254 illum
1235 2224 1415 2261 suscitavit,

934 2273 986 2306 Ex
1013 2281 1122 2304 amore
1149 2272 1332 2313 deploravit

984 2322 1101 2355 Coram
1129 2325 1245 2353 cuncto
1271 2323 1403 2363 populo.

850 2400 909 2434 3b.
938 2399 1024 2433 Hinc
1049 2399 1162 2432 beatus
1188 2400 1385 2433 Maximinus

938 2447 1121 2481 Succedere
1146 2447 1208 2481 fuit
1235 2448 1350 2490 dignus

985 2497 1028 2530 Et
1055 2501 1088 2530 te
1114 2506 1222 2530 caram
1249 2501 1362 2532 tenuit.
