1654 2756
758 167 1017 202 2189—

206 256 266 290 6a.
303 257 397 312 Metu
432 268 558 300 poenae
584 262 671 302 quod
698 268 855 304 negarent
916 267 980 301 6b.
1016 267 1162 302 Daemon
1191 270 1357 302 Persidem
1384 273 1559 313 percussit,

303 305 469 341 Christum
496 312 529 341 et
547 309 610 342 diis
628 311 852 357 immolarent3
1013 316 1150 350 Sanctos
1175 319 1259 360 ignis
1285 329 1348 352 non
1376 321 1509 363 exussit,

353 356 419 388 Sed
445 358 603 397 resistunt
627 361 747 396 valide.
1060 366 1187 400 Poenas
1214 366 1324 400 ferunt
1349 369 1464 402 solide.

208 448 268 483 7a.
306 449 412 482 Mersi
436 459 537 492 mare,
565 449 654 483 ferro
680 453 786 492 pressi
914 452 974 486 7b.
1013 453 1165 487 Gaudent
1191 456 1277 488 inter
1302 457 1482 498 passiones,

305 497 404 538 Saxa,
433 508 561 532 crucem
587 498 746 532 indefessi
1009 502 1131 542 Quibus
1159 505 1399 537 consolationes

352 547 397 579 Et
422 548 559 589 sagittas
586 548 745 587 tolerant;
1058 551 1226 584 Divinitus
1252 554 1401 586 aderaut.

204 635 265 668 Sa.
301 635 420 668 Omnes
448 636 672 669 Diocletianus
908 637 970 673 8b.
1005 638 1078 678 Eia,
1107 642 1206 672 testes
1234 640 1355 673 Christi
1382 639 1493 679 fortes,

301 683 438 717 Fratres
463 685 564 724 iubet,
590 688 626 717 ut
650 683 817 728 profanus,
1008 687 1108 718 Prece
1136 688 1234 720 facite
1261 693 1426 721 consortes

350 732 394 765 Ut
421 733 616 766 occumbant
642 734 762 774 gladio.
1055 735 1122 767 Nos
1149 741 1333 769 sanctorum
1359 737 1487 778 gaudio.

277 806 391 833 Cursus
419 807 455 834 de
477 806 609 834 Domina
631 814 689 833 see.
709 805 878 835 Ecclesiam
900 807 1159 843 Hamburgeusem
1182 811 1250 845 imp.
1274 810 1428 836 Rostocliii
1453 808 1539 837 1522.

628 901 698 932 203.
729 901 772 932 De
794 903 904 934 sancto
928 902 1116 943 cucuphate.

198 976 259 1010 la.
294 973 529 1007 Laetabundus
902 974 963 1008 1b.
999 974 1103 1007 Sorde
1129 976 1266 1007 mundus

341 1022 495 1055 Exsultet
518 1022 627 1055 fidelis
655 1025 777 1064 coetus,
1048 1022 1246 1064 Cucuphatis
1273 1024 1357 1055 colat
1385 1024 1488 1056 laetus

390 1071 534 1103 Alleluia
548 1081 556 1112 3
1097 1071 1284 1106 Sollemuia.

195 1161 256 1193 2a.
293 1158 469 1191 Derelictis
494 1158 644 1199 partibus
899 1158 963 1191 2b.
997 1157 1161 1190 Christum
1190 1158 1294 1190 Deum
1321 1160 1451 1198 astruit,

288 1207 480 1239 Barcinonis
505 1206 624 1238 finibus
995 1206 1134 1246 Templa
1162 1207 1257 1239 deum
1285 1207 1426 1239 destruit

336 1255 393 1287 Fit
417 1255 541 1297 incola·⁷
1043 1254 1088 1286 Et
1112 1254 1211 1289 idola.

189 1347 251 1378 3a.
287 1344 448 1377 Detentus
471 1353 491 1376 a
516 1342 652 1384 perfidis
895 1342 961 1377 3b.
995 1343 1092 1376 Stans
1120 1342 1242 1376 fatetur
1265 1343 1354 1375 idola

284 1393 410 1425 Ductus
436 1396 486 1425 est
510 1393 544 1424 in
571 1391 732 1432 praesidis
991 1391 1066 1423 Non
1094 1391 1183 1433 deos,
1212 1392 1270 1423 sed
1296 1391 1435 1424 subdola

334 1442 536 1475 Praesentia.
1041 1440 1232 1473 Daemonia.

185 1533 248 1564 4a.
285 1531 480 1563 Catenarum
508 1529 663 1570 ponderis
893 1529 961 1562 4b.
995 1529 1097 1562 Velut
1123 1532 1237 1561 auctor
1262 1528 1395 1560 sceleris

281 1578 436 1612 Afflictus
463 1583 495 1610 et
521 1577 668 1610 verberis
990 1578 1186 1610 Retruditur
1214 1577 1355 1610 carceris

329 1627 486 1661 Molestia
1039 1627 1211 1666 Angustia.

182 1720 242 1752 5a.
281 1717 430 1750 Caesaris
456 1717 594 1757 imperio
889 1714 953 1749 5b.
989 1714 1138 1755 Plumbo,
1168 1714 1254 1746 fuste
1282 1714 1441 1753 caeditur,

276 1767 418 1798 Assatur
440 1765 603 1805 incendio,
986 1764 1071 1797 Caro
1096 1767 1193 1804 rupta
1219 1763 1375 1806 carpitur,

277 1814 424 1856 Suscipit
450 1824 522 1847 cum
549 1814 668 1855 gaudio
988 1813 1113 1846 Cuncta
1139 1813 1222 1845 mira
1247 1812 1371 1853 patitur

327 1863 506 1904 Supplicia.
1032 1861 1232 1894 Constantia.

177 1955 241 1987 6a.
275 1953 353 1986 Post
379 1955 472 1986 tanta
499 1952 633 1985 vulnera
884 1950 946 1986 eb.
981 1951 1089 1984 Adest
1114 1960 1174 1992 per
1201 1950 1334 1983 aethera

275 2001 449 2042 Ruptaque
475 2002 602 2035 viscera
980 2000 1096 2033 Contio
1123 2009 1243 2041 supera

321 2050 423 2082 Manu
449 2053 622 2083 truncatur
1029 2049 1139 2089 Ipsum
1166 2046 1369 2080 transferens

370 2099 539 2140 pestifera.
1078 2097 1121 2129 ad
1146 2098 1266 2129 sidero.

250 2177 336 2205 Miss.
366 2185 419 2204 ms.
441 2177 717 2213 Sandionysianum
747 2184 823 2204 saec.
855 2174 902 2204 15.
934 2175 1005 2204 Cod.
1029 2175 1106 2202 Bibl.
1130 2175 1251 2202 Nation.
1280 2174 1341 2200 Art.
1364 2172 1530 2200 Londinen.

173 2214 248 2245 1346
268 2214 325 2252 (18.
347 2214 375 2244 3.
397 2214 454 2251 91).
470 2231 508 2235 -
522 2214 576 2249 2b,
596 2214 615 2243 2
628 2215 863 2243 deum-deorum.
880 2232 917 2235 —
933 2215 1007 2242 Mel:
1027 2213 1303 2241 Laetabundus.
1319 2226 1357 2230 —-
1372 2211 1525 2240 Absehrift

169 2266 230 2284 von
248 2257 320 2285 Rev.
343 2256 382 2284 H.
403 2256 444 2284 Μ.
467 2256 638 2284 Bannister.

599 2332 669 2365 204.
701 2331 747 2362 De
768 2332 879 2364 sancto
901 2329 1080 2362 Ouniberto.

169 2402 231 2436 la.
263 2400 450 2442 Agrippina
473 2404 598 2444 sancta,
624 2399 740 2442 gaude,
881 2398 944 2434 lb.
979 2398 1060 2432 Cum
1088 2397 1216 2429 accedit
1244 2395 1440 2429 Cunibertus

267 2449 459 2483 Sanctitatis
483 2460 568 2484 novo
594 2449 718 2493 plaude
979 2446 1054 2480 Tibi
1081 2450 1200 2487 rector,
1229 2446 1345 2478 doctor
1371 2447 1490 2486 certus,

312 2498 478 2533 Decorata
504 2499 649 2541 speculo,
1027 2494 1155 2528 Novum
1182 2495 1273 2528 sidus
1299 2494 1440 2528 saeculo.
