1654 2756
697 181 962 217 —198—

618 286 681 317 214.
713 286 756 317 De
782 287 892 317 saneto
912 284 1053 316 Erasmo.

168 374 226 406 la.
263 369 337 412 Eia,
365 371 496 411 fratres,
523 368 654 409 psallite
703 401 708 404 ,
863 366 924 402 1b,
959 363 1104 401 Rursum
1130 372 1186 396 ore
1213 362 1318 395 canite

262 420 401 460 Christo,
429 418 497 458 regi
523 417 658 459 gratiae,
957 415 1037 448 Eius
1063 413 1176 445 laudes
1203 411 1303 445 dicite

310 467 416 500 Corde
442 466 659 505 exsultante83
1007 462 1138 495 Cunctis
1165 460 1405 502 praedicantes,

166 557 224 588 2c.
261 552 348 589 Almi
375 554 436 586 Dei
463 553 563 585 filium
861 551 924 586 2b.
961 548 1038 584 Sine
1063 549 1137 582 labe
1163 548 1332 580 criminum

262 604 413 636 Sanctum
440 610 565 642 quoque
590 600 740 641 spiritum
958 599 1185 638 virtutumque
1210 596 1381 628 Dominum

310 651 411 684 Simul
439 649 611 690 credendo,
1007 647 1102 679 Hunc
1127 644 1342 686 agnoscendo.

166 741 225 771 3a.
262 735 401 771 Mundus
429 736 538 775 corde,
566 744 712 775 corpore,
863 737 923 769 3a.
959 731 1094 768 Uacans
1120 733 1265 765 solitarie

263 787 380 819 Plenus
407 784 528 817 Christi
555 789 696 822 nectare,
960 782 1157 822 Angelorum
1183 780 1338 812 solamine

261 834 434 872 Ascriptus
460 833 523 864 iam
548 832 655 863 curiae
959 830 1149 870 Fruensque
1175 828 1310 860 cottidie

312 881 401 914 Caeli
427 881 594 921 gloriatur.
1008 879 1143 917 Semper
1169 875 1383 909 confortatur.

166 971 225 1002 4a.
264 966 317 1002 Sic
342 979 361 1000 a
388 967 457 999 Deo
484 966 678 1004 consolatur,
863 965 925 999 4b.
961 961 1051 998 Mala
1084 968 1117 995 ut
1147 960 1287 1008 [cuncta]
1318 961 1501 1001 pellantur3

261 1017 301 1048 Ei
327 1020 416 1047 tanta
443 1016 546 1046 virtus
574 1015 679 1055 datur,
958 1013 1049 1044 Bona.
1075 1020 1200 1052 quoque
1226 1010 1450 1042 condonantur

310 1065 483 1096 Brutorum
511 1068 541 1094 et
569 1062 731 1094 hominum
1007 1060 1195 1093 Gratiarum
1219 1058 1368 1091 omnium.

167 1154 222 1183 5a.
258 1148 359 1184 Audit
387 1159 496 1182 vocem
526 1150 596 1189 Dei,
623 1153 730 1180 tamen
864 1148 924 1182 5b.
961 1145 1044 1188 Regi
1070 1147 1175 1187 primo
1202 1149 1439 1188 praesentatur,

262 1199 382 1230 Laetus
410 1198 499 1230 vadit
523 1198 563 1228 ad
592 1201 753 1228 certamen
960 1196 1069 1236 Fame,
1097 1196 1150 1226 siti
1177 1199 1361 1227 maceratur

311 1246 423 1278 crucis
449 1255 524 1277 usus
550 1246 654 1276 titulo.
1009 1243 1156 1276 Carceris
1183 1243 1356 1283 ergastulo.

168 1336 186 1365 t}
199 1342 228 1366 a.
265 1330 330 1365 Ter
356 1333 454 1373 virgis
480 1331 672 1372 flagellatur,
862 1331 924 1364 6b.
960 1327 1032 1370 Igni
1059 1329 1224 1369 plumbum
1251 1332 1444 1369 apponatur,

263 1381 416 1412 Fustibus
443 1380 641 1421 verberatur,
958 1378 1101 1418 Sulphur
1126 1378 1190 1417 pici
1216 1378 1399 1418 misceatur,

312 1429 381 1460 Nec
407 1429 452 1459 sic
480 1427 585 1468 frangi
610 1427 734 1467 potuit3
1006 1426 1059 1458 Sic
1087 1434 1143 1457 rex
1169 1425 1269 1464 iubet,
1296 1426 1343 1456 sic
1369 1429 1400 1456 et
1427 1425 1472 1457 fit..

168 1517 226 1549 7a.
263 1513 383 1555 Regem
411 1520 479 1547 orat
508 1515 680 1552 caelorum,
863 1513 925 1547 7b.
960 1515 1070 1553 Ipsum
1098 1512 1203 1544 cibum
1229 1512 1416 1553 angelorum

263 1565 307 1597 Ut
334 1565 497 1595 intueatur
524 1563 654 1594 chorum
958 1563 995 1593 In
1021 1561 1175 1593 extremis
1205 1561 1259 1593 det
1286 1565 1473 1591 cunctorum

310 1612 472 1644 Fidelium
497 1611 646 1644 omnium.
1005 1609 1073 1641 Sibi
1099 1609 1319 1642 servientium.

167 1701 228 1733 ea.
263 1700 334 1738 Eia,
362 1703 455 1738 pater
480 1698 710 1738 orphanorum,
861 1695 924 1729 8b.
960 1696 1154 1729 Consolator
1180 1696 1382 1734 miserorum,

310 1747 375 1779 Ora
400 1755 470 1778 cum
497 1746 626 1782 fiducia,
1005 1744 1054 1776 Da
1082 1743 1167 1775 bona
1193 1745 1388 1785 praesentia,

263 1795 306 1828 Ut
333 1795 489 1826 laetemur
514 1798 589 1825 ante
614 1793 764 1824 thronum
957 1792 1001 1825 Ut
1019 1793 1187 1824 laudemus
1206 1802 1361 1824 summum
1383 1793 1497 1823 bonum

311 1843 346 1874 In
373 1843 433 1874 Dei
460 1842 655 1882 praesentia.
1004 1841 1068 1872 Hic
1095 1845 1190 1880 atque
1216 1841 1248 1872 in
1276 1841 1392 1880 patria.

241 1929 324 1956 Miss.
352 1938 403 1954 ms.
432 1928 655 1963 Crucigerorum
684 1927 778 1954 BMV.
807 1928 838 1953 in
863 1927 948 1954 Novo
980 1925 1114 1962 Benatky
1142 1935 1219 1954 saec.
1250 1925 1294 1954 14.
1327 1927 1399 1955 eod.
1421 1928 1499 1954 Mus.

165 1968 286 1996 Bohem.
308 1968 379 1994 XVI
401 1968 426 1993 D
452 1965 494 1993 14.
516 1965 582 1993 add.
605 1974 679 1993 saec.
705 1964 748 1992 14.
770 1979 807 1985 —
829 1964 882 1998 512,
907 1964 920 1992 1
946 1966 1021 2001 Regi
1043 1967 1185 2000 praemio.
1206 1980 1242 1984 —
1265 1964 1318 1996 6b.
1341 1964 1359 1994 3
1375 1968 1425 1994 Sic
1447 1975 1499 1994 rex

166 2011 197 2034 ut
220 2007 327 2034 iubuit.
350 2020 385 2024 —-
408 2006 462 2038 δὴ,
484 2004 503 2032 4
524 2005 583 2031 Hic
602 2010 631 2031 et
651 2006 691 2032 in.
714 2021 750 2024 —
772 2003 989 2031 Akrostichon:
1018 2004 1217 2039 „Erasmus
1239 2007 1399 2032 martir?

632 2118 695 2149 215.
728 2116 770 2148 De
793 2120 900 2149 sancto
922 2118 1024 2149 Erico.

167 2203 225 2234 la.
260 2200 470 2232 Gratulemur
497 2199 584 2231 dulci
609 2207 718 2239 prosa,
862 2198 922 2231 1b.
958 2200 1008 2231 Ex
1035 2200 1144 2232 radice
1171 2209 1328 2241 generosa

260 2249 346 2280 Laus
372 2248 463 2280 Erici
489 2248 629 2289 gloriosa
957 2248 1213 2288 Transportatur
1238 2257 1377 2281 vernans
1405 2259 1480 2282 rosa

309 2297 449 2329 Prodeat
475 2297 508 2328 in
532 2295 684 2330 medium.
1005 2296 1059 2328 Ad
1085 2297 1194 2337 regale
1219 2297 1345 2330 solium.

168 2387 227 2417 2a.
263 2384 367 2424 Regni
392 2383 488 2416 rebus
514 2383 673 2416 ordinatis
863 2383 927 2418 2b.
962 2381 1198 2416 Defunctorum
1224 2384 1257 2415 in
1284 2386 1428 2425 peccatis

261 2432 397 2465 Sanctus
422 2432 492 2465 adit
518 2441 589 2464 cum
615 2431 748 2464 armatis
957 2431 1044 2464 Miro
1069 2437 1158 2465 motu
1182 2433 1314 2473 pietatis

310 2481 428 2513 Terras
455 2480 644 2513 infidelium.
1005 2479 1113 2513 Deflet
1138 2485 1264 2523 strages
1291 2481 1443 2516 hostium.
