1654 2756
700 140 964 176 —159—

233 232 319 260 Miss.
335 234 495 263 Bremense
511 236 572 272 imp
599 238 780 274 Argentinae
796 235 880 265 1511.
903 254 939 258 —
958 239 1020 266 Das
1035 237 1197 273 Exemplar
1212 238 1244 264 in
1257 236 1310 264 der
1327 236 1505 264 Bibliothek

155 271 207 299 des
234 271 371 309 Herzogs
401 282 461 301 von
487 274 595 303 Parma
623 275 739 304 enthfilt
764 276 861 304 neben
889 277 946 304 den
968 277 1186 305 Druckfehleru
1215 275 1307 303 sehon
1334 285 1394 303 von
1424 277 1506 303 einer

154 309 245 338 Hand
268 310 320 338 des
345 310 437 339 16s17.
459 313 680 343 Jahrhunderts
701 314 914 343 verschiedene
934 315 1153 344 Korrekturen:
1182 313 1235 347 lb⁷
1261 313 1275 342 1
1299 315 1394 351 psalle
1416 323 1501 347 cano,

154 349 312 378 Korrekt.:
335 351 431 386 psalle
445 355 526 380 tono.
548 369 586 373 —
601 351 654 386 2a,
676 351 694 380 2
708 354 991 390 Norbalbingorum,
1008 355 1160 382 Korrekt.:
1178 354 1449 390 Nordalbingorum
1466 369 1503 373 —

155 386 215 420 2b,
245 386 263 415 4
290 390 506 424 sacerdotium,
535 392 617 420 nicht
638 393 803 428 corrigiert.
826 407 862 411 —
883 391 936 425 4a,
957 392 976 420 4
998 394 1143 425 exsulem,
1173 393 1256 420 nicht
1276 394 1443 429 corrigiert.
1467 407 1504 411 —

153 425 215 460 4b,
237 425 255 454 3
269 427 523 463 Grandlandeum‚
545 431 699 459 Korrekt.:
721 431 991 459 Grandlandorum.
1014 448 1051 452 -—
1067 431 1117 465 9a,
1140 430 1159 458 4
1176 432 1326 459 Virtutum
1341 432 1504 467 gressibus,

155 465 308 494 Korrekt.:
336 468 372 494 In
399 469 543 496 virtutum
573 478 601 505 g.
630 484 662 488 —
685 469 753 505 Vgl.
774 470 924 497 Lebrecht
949 471 1077 504 Dreves,
1108 471 1209 498 Lehen
1236 471 1286 498 des
1316 471 1355 497 hl.
1378 472 1504 507 Ansgar.

153 504 328 533 Paderborn
346 504 430 534 1864.
452 522 489 526 —
504 508 659 536 Verfasser
680 508 732 535 der
748 508 883 544 Sequenz
898 507 936 536 ist
951 510 977 536 K
989 510 1109 537 oni-ad
1126 510 1249 536 Bcnne
1264 510 1363 537 (Lebr.
1381 510 1504 539 Dreves,

153 543 333 610 gefflhichte
348 545 400 618 d)e1·
414 545 529 574 kathol.
546 546 729 574 Gemeinden
744 555 780 574 zu
796 547 953 583 Hamburg
968 557 995 575 u.
1013 548 1132 575 Altona.
1171 547 1396 579 Schaffhausen,
1423 546 1505 575 1866.

177 604 182 609 .
245 603 251 615 ,
274 583 359 611 Anm.
374 604 380 611 .

577 688 642 718 170.
677 687 718 718 De
741 689 850 720 saneto
872 688 1028 720 Antonino
1051 689 1085 720 M.

676 780 707 812 1.
734 779 820 812 Laus
847 781 994 821 angelica

746 829 841 861 simul
866 833 898 861 et
921 829 1062 869 phalanx

753 878 887 910 uranica

187 944 248 976 2a.
278 942 408 975 Christo
436 944 504 985 regi
888 946 951 979 2b.
980 948 1078 986 Quem
1107 949 1244 986 paterna

276 1000 354 1023 voce
381 992 470 1024 clara
495 993 634 1025 iubilant
981 995 1177 1027 residentem
1206 995 1237 1026 in
1267 995 1383 1027 dextra

272 1049 372 1079 super
397 1044 489 1073 astra
515 1050 657 1074 consona
979 1047 1175 1075 venerantur
1203 1052 1323 1075 cernua

272 1088 435 1120 melodum
463 1090 648 1129 praeconia,
979 1091 1154 1124 electorum
1182 1092 1329 1132 agmina3

187 1159 248 1188 τίῆ.
278 1156 543 1188 Patriarcharum
573 1157 620 1189 bis
648 1165 725 1189 sena
889 1158 951 1192 31),
981 1158 1166 1191 clarificata
1201 1159 1325 1190 intonat

272 1213 311 1235 ac
338 1204 532 1246 prophetica
979 1208 1160 1246 apostolica

274 1253 382 1285 contio
410 1256 532 1293 sancta,
978 1256 1083 1296 gloria
1109 1264 1233 1287 necnon

273 1310 409 1341 quorum
437 1311 514 1334 vera
980 1308 1011 1336 et
1038 1305 1148 1336 laurea

272 1350 413 1390 replevit
439 1351 620 1393 praesagia,
978 1357 1157 1394 martyrum
1185 1362 1359 1393 purpurea.

180 1420 242 1453 4a.
272 1419 363 1451 Inter
388 1429 468 1459 quos
496 1428 589 1452 rosea
893 1421 956 1454 41⁷1.
985 1422 1104 1453 Astrea
1131 1421 1260 1461 gessisti

273 1468 391 1500 emicat
413 1468 524 1508 palma
980 1480 1073 1510 quarn
1103 1479 1201 1509 supra
1230 1479 1327 1510 regna

271 1521 338 1554 tua,
367 1526 385 1548 ο
412 1520 539 1557 martyr
568 1517 620 1557 pie
976 1519 1146 1551 immolans
1174 1522 1216 1558 te,
1247 1527 1349 1560 sacer,
1381 1527 1439 1558 per

270 1565 448 1606 Antonine,
981 1568 1089 1599 saecla
1116 1567 1184 1599 Deo

269 1618 303 1646 ut
331 1615 379 1646 sol
406 1615 493 1646 inter
516 1614 646 1655 sidera;
980 1621 1115 1657 accepta
1141 1616 1307 1650 libamina.

183 1685 246 1716 5a.
274 1682 373 1725 Ergo,
401 1686 538 1723 martyr,
894 1685 956 1718 5b.
985 1687 1093 1726 Atque
1122 1688 1231 1717 nostra

272 1731 395 1764 lautum
424 1733 551 1764 cantica
983 1734 1076 1766 defer
1102 1735 1134 1766 iu
1160 1733 1272 1765 aethra

271 1779 404 1813 Audiat
423 1781 535 1821 pietas
986 1783 1101 1815 γοῦνα
1128 1782 1245 1813 ommia

269 1831 338 1868 tua,
367 1839 452 1870 quae
471 1841 584 1871 prona
983 1836 1080 1872 atque
1106 1831 1222 1872 festim

268 1879 381 1911 reboat
406 1874 522 1922 [haec]
549 1883 693 1917 catervas
979 1881 1043 1913 clici
1070 1883 1255 1915 αι’νουιιιία,

198 1949 213 1962 .
268 1927 339 1961 Sint
367 1932 460 1968 grata
486 1929 546 1960 tibi
573 1933 700 1961 tuorum
978 1931 1074 1964 Unde
1101 1934 1156 1961 tua
1181 1929 1251 1960 laus
1279 1934 1409 1962 resonat

269 1977 397 2008 tinnula
423 1987 557 2019 organa,
979 1988 1057 2011 voce
1084 1977 1250 2011 melliflua.

180 2045 243 2078 6a.
272 2044 340 2077 Nos
367 2049 422 2078 tua
450 2047 620 2079 vernantia
894 2049 957 2082 6b.
988 2049 1118 2082 Caelica
1145 2056 1244 2088 super
1271 2057 1344 2079 arva

275 2095 447 2136 pangimus
474 2099 610 2136 tropaea
983 2107 1042 2129 nos
1067 2100 1242 2136 nostraque
1270 2100 1305 2128 tu
1332 2095 1382 2128 fer

275 2143 434 2176 concinna
461 2144 648 2186 harmonia3
983 2155 1103 2186 augens
1132 2145 1229 2185 digna
1256 2145 1413 2185 praemia,

183 2213 243 2246 7a.
272 2211 408 2252 Regiam
436 2211 491 2244 ubi
518 2212 561 2245 ad
590 2221 734 2245 mensam
893 2217 911 2248 7
926 2214 954 2248 b.
983 2215 1052 2246 Nec
1080 2212 1289 2245 contubernia
1318 2216 1432 2246 nostra

272 2259 398 2293 fercula
980 2262 1121 2303 reproba

270 2310 436 2351 capiamus
980 2312 1045 2344 sint
1072 2315 1205 2343 extrusa

269 2363 404 2392 aeterna
432 2369 503 2392 cum
528 2361 650 2393 sanctis
981 2361 1141 2401 virginum
1169 2368 1240 2390 cum
1268 2359 1363 2392 turba

267 2405 420 2442 omnibus
446 2409 554 2442 induti
583 2413 671 2442 veste
979 2419 1082 2442 vacua
1108 2408 1205 2440 flente
1232 2407 1318 2441 oliva

272 2457 454 2501 praeclara,
983 2458 1125 2491 vascula.
