1654 2756
690 125 931 160 -66-

152 229 214 260 43.
241 227 304 266 En,
331 226 418 258 Deus
444 225 476 256 in
504 228 536 255 te

240 274 346 307 Homo
373 282 443 305 cum
470 271 507 304 fit
532 276 677 312 repente,

290 322 430 354 Humilis
458 321 574 361 surgis,

289 370 446 402 Montana
471 368 668 400 transcurris

338 416 496 449 Intrando
523 416 630 448 sobrie

338 464 476 497 Domum
503 464 689 497 Zachariae.

851 223 911 257 4b.
939 222 1025 255 Hinc
1050 220 1159 255 felicia

939 271 1080 311 Iungunt
1105 279 1140 303 se
1162 274 1240 303 tunc
1264 269 1394 308 oscula3

989 320 1132 353 Uxorem
1158 319 1256 360 senis,

988 368 1073 400 Dum
1099 366 1145 399 ibi
1170 367 1352 409 praevenis,

1038 416 1232 455 Praesagam
1259 415 1395 456 parasti,

1037 463 1172 503 Quando
1197 462 1356 495 salutasti.

156 557 215 585 5a,
243 554 344 592 Quam
353 552 556 592 magnahaec
565 555 636 583 sunt
646 551 815 591 mysteria!
855 550 914 583 5b.
942 550 1033 582 Haec
1058 555 1192 582 matrem
1212 549 1273 582 Dei
1291 553 1322 580 te
1341 549 1485 581 nominat

243 602 320 634 Post
349 605 413 638 tua,
441 600 540 641 virgo,
568 599 694 641 eulogia

292 649 372 681 Mox
398 649 568 681 Elisabeth

340 701 453 729 sancta
479 697 673 737 prophetat:

295 745 386 787 „Hoc
411 745 498 776 unde
525 744 604 775 mihi
630 747 740 781 metat,

243 793 335 833 Quod
364 797 467 825 mater
493 793 554 826 Dei
580 792 652 831 mei,

943 600 1052 639 Atque
1071 598 1274 630 benedictam
1294 597 1482 639 praedieat;

990 648 1027 679 In
1054 646 1202 678 cubiculo

1040 694 1109 726 sola
1135 694 1271 727 scivisti.

990 742 1043 775 Ab
1070 742 1129 774 illa
1155 750 1237 782 quae
1263 740 1404 780 audisti3

942 790 1092 830 Denique
1118 790 1259 822 nondum
1287 793 1381 820 natus

944 838 1142 870 Praecursor
1169 838 1263 869 datus

991 886 1061 918 Tuo
1087 885 1121 917 iu
1146 885 1289 917 adventu
1316 883 1442 923 iubilat‚

990 934 1176 974 Venterque
1202 932 1383 966 obnubilat.

245 843 325 875 Tam
352 845 483 873 sanctae
508 840 590 880 spei,

292 889 344 921 Ad
363 898 413 920 me
430 890 535 920 veniat
556 888 603 919 sic
618 887 783 926 indignam

291 936 434 970 Visitare
461 935 636 968 familiam*
650 935 665 966 T)

853 1022 913 1056 ssb.
941 1021 966 1054 O
995 1020 1075 1052 felix
1102 1021 1163 1062 via,

942 1069 1041 1110 Virgo
1067 1068 1185 1109 Maria,

153 1026 214 1057 Ga.
240 1024 317 1065 Quis
343 1032 482 1063 unquam
510 1023 602 1061 vidit,

243 1074 311 1104 Aut
337 1072 408 1110 quis
435 1069 586 1103 audivit?

291 1120 442 1151 Humana
467 1124 582 1151 natura
990 1118 1090 1156 Quam
1118 1121 1195 1148 tunc
1221 1116 1430 1148 transmeasti

291 1167 446 1200 Mirative
473 1176 531 1198 sua
991 1164 1218 1198 Praecursoris
1245 1168 1381 1195 matrem

341 1216 450 1254 perdit
475 1214 555 1250 iura„
1042 1222 1113 1243 cum
1140 1213 1262 1243 beasti!

942 1260 1075 1293 Sacrum
1102 1269 1241 1301 pneuma
1267 1259 1340 1302 fuit,

943 1309 1035 1347 Quod
1063 1318 1101 1339 ex
1128 1314 1160 1340 te
1186 1309 1269 1349 pluit

991 1357 1131 1390 imbrem
1166 1358 1290 1397 gratiae
1324 1357 1356 1388 in
1382 1357 1486 1397 ipsam

994 1406 1247 1445 Prophetissam.

245 1264 301 1296 Cui
330 1263 418 1294 Deus
446 1267 548 1304 pater,

245 1312 294 1343 Tu
321 1311 442 1342 Christi
469 1315 572 1342 mater

296 1359 394 1400 Virgo
421 1367 612 1398 permanens
640 1359 763 1390 intacta

294 1407 379 1439 Dum
406 1416 439 1438 es
467 1405 563 1438 facta.

857 1493 916 1526 7b.
944 1493 1025 1524 Veni
1052 1493 1126 1531 iam,
1154 1492 1273 1528 Maria,

992 1541 1073 1572 Veni
1092 1541 1155 1572 iam
1170 1545 1317 1572 nostrum
1331 1541 1374 1572 ad
1390 1540 1487 1579 velle,

996 1589 1102 1621 Noxia
1128 1597 1273 1629 quaeque
1299 1589 1398 1628 pelle.

160 1496 218 1527 7a.
247 1495 325 1526 Dita
351 1504 419 1535 nos,
445 1494 563 1533 Maria,

296 1543 366 1574 Citu
393 1552 450 1574 nos
477 1544 522 1574 ita
550 1542 683 1581 dignare

298 1591 437 1623 Provide
465 1591 606 1624 visitare,

161 1679 221 1710 Sa.
249 1677 422 1711 Assistrix,
449 1686 467 1707 0
493 1677 721 1717 pulcherrima.

247 1726 293 1758 Es
321 1726 444 1756 cunctis
471 1725 685 1756 saluberrima

297 1774 343 1804 Te
368 1773 604 1807 invocantibus,

859 1676 920 1710 811.
949 1676 1078 1708 Instilla
1104 1684 1208 1707 rorem
1237 1676 1361 1716 gratiae

949 1725 983 1756 In
1011 1728 1043 1755 te
1070 1723 1215 1764 elapsum
1243 1724 1374 1764 placide

996 1772 1048 1804 Ad
1075 1776 1108 1804 te
1136 1772 1360 1806 clamantibus,

540 1862 571 1892 9.
599 1860 761 1893 Altissimi
787 1865 821 1892 tu
847 1870 933 1899 cara,

600 1909 811 1942 Benedictum
838 1917 934 1940 orans
961 1917 1051 1951 para,

648 1957 766 1989 Mortis
792 1958 825 1988 in
851 1958 931 1989 hora

647 2005 695 2037 Sit
722 2006 814 2038 nobis
840 2006 961 2045 absque
987 2014 1077 2037 mora

598 2052 752 2086 Refector
779 2054 871 2086 divus

599 2101 801 2142 Fractusque
824 2103 923 2134 vivus.

232 2199 372 2234 Sequent.
396 2207 448 2224 ms.
472 2199 765 2225 Praemonstratense
787 2205 863 2224 saec.
889 2196 931 2224 14.
954 2198 995 2225 in.
1037 2197 1108 2224 Cod.
1130 2200 1208 2226 Mus.
1229 2199 1352 2227 Bohem.
1375 2201 1450 2228 xm
1471 2202 1496 2229 A

155 2235 199 2263 14.
221 2237 287 2264 add.
311 2245 386 2264 saec.
413 2235 455 2263 15.
478 2238 512 2264 Α.
532 2251 569 2255 —
592 2237 754 2264 Colleetan.
776 2245 831 2263 ms.
853 2235 1015 2264 altahense
1037 2239 1107 2264 anni
1135 2235 1217 2264 1452.
1240 2239 1314 2266 Clm.
1337 2239 1495 2268 Monacen.

153 2273 238 2303 9508.
260 2277 295 2303 Β.
338 2276 394 2303 Mit
414 2275 559 2303 Melodie:
582 2275 658 2302 Ave
679 2275 893 2310 praeclara.
915 2290 950 2294 ——
973 2274 1025 2308 5a,
1041 2273 1057 2301 7
1078 2275 1153 2303 Tam
1173 2276 1247 2304 fehlt
1267 2278 1329 2304 AB.
1351 2294 1388 2297 —
1410 2277 1496 2311 6b‚7

154 2314 220 2341 fluit
241 2316 274 2342 B.
298 2329 335 2333 —
356 2313 412 2347 6b,
433 2312 451 2342 8
472 2315 600 2342 Imbrem
627 2314 753 2342 caelitus
774 2315 806 2340 in
827 2314 858 2341 B.
883 2328 920 2332 —
942 2311 994 2347 7a,
1019 2312 1032 2340 1
1055 2313 1114 2342 Eia
1134 2323 1190 2342 nos
1211 2315 1244 2343 B.
1266 2331 1301 2335 —
1325 2315 1378 2350 7a,
1400 2316 1418 2345 2
1439 2318 1499 2346 Eia

152 2362 206 2380 nos
233 2354 266 2380 B.
288 2368 323 2372 —
345 2352 406 2385 8b,
441 2352 453 2380 1
477 2353 595 2381 Ancilla
616 2362 711 2380 rorem
733 2353 766 2380 B.
789 2366 826 2371 —
846 2352 992 2380 Melodie:
1019 2352 1097 2380 Ave
1124 2356 1335 2391 praeclara3
1365 2357 1498 2391 5bn1ich,

155 2393 209 2419 mit
236 2392 439 2420 kunstvollem
463 2393 547 2420 Reim
580 2392 741 2429 ausgebaut
767 2392 823 2419 wie
848 2391 896 2419 die
917 2391 1160 2427 vorhergehende
1181 2392 1326 2430 Sequenz.
1369 2397 1498 2424 Hinein-

157 2431 273 2466 gewebt
295 2432 361 2459 sind
385 2432 433 2459 die
453 2431 558 2459 Worte
579 2431 630 2459 des
655 2431 733 2467 „Ave
754 2428 880 2458 Maria“.
