1654 2756
707 130 944 166 ‚72-

171 229 235 260 4a.
263 228 344 268 Spes
369 229 475 269 unica,

168 519 227 549 53.

259 284 411 308 succurre
436 276 583 316 miseris;
610 275 776 307 inebrians

257 324 379 356 animas

306 371 377 404 sons
404 381 437 403 es
463 371 676 410 admirabilis,

306 424 377 451 tuos
405 429 564 459 nunquam
592 419 725 455 deseris,

256 516 367 547 Exora
391 515 490 548 filium

255 565 443 604 propitium,

255 621 317 644 una
343 621 418 652 spes
445 612 607 651 fidelium3

868 226 930 260 4b.
957 226 984 259 Ο
1009 225 1126 265 anima,

955 283 993 306 ex
1020 274 1171 306 sordibus
1189 274 1339 306 vitiorum
1358 276 1394 304 tu
1411 271 1496 303 hanc

955 322 1092 355 Marlam

1004 371 1160 411 virginem
1186 370 1367 411 expostula,

1004 423 1038 451 ut
1065 419 1107 450 sit
1134 428 1194 459 pro
1219 422 1251 450 te
1277 417 1401 450 sedula.

866 516 928 550 5b.
956 517 982 549 O
1007 516 1166 556 genetrix,
1195 516 1300 556 gaude

954 565 986 596 in
1013 564 1099 604 filio;

953 612 1097 653 gaudens
1124 621 1183 653 ego
1210 611 1336 653 gaudeo

689 711 720 743 6.
749 709 785 740 In
813 708 962 740 Domino.

229 804 312 830 Miss.
339 813 390 829 ms.
418 805 602 831 Novariense
629 802 1036 837 (Romano-Franciseanum)
1063 805 1133 830 anni
1167 801 1249 830 1478.
1291 803 1363 830 eod.
1393 802 1491 838 Capit.

150 842 310 868 Novarien.
332 842 410 868 XLI.
436 857 472 862 —
494 844 559 870 Deu
580 843 656 869 Text
682 842 796 869 lieferoe
823 843 879 868 mir
899 843 978 869 mein
1001 841 1118 869 Freund
1140 843 1315 875 Bannister3
1346 841 1396 868 die
1420 841 1493 868 Ver-

151 883 339 915 autwortuug
359 881 405 907 fiir
426 882 478 908 das
495 882 709 917 Arrangernent
731 880 783 907 der
798 880 946 916 Strophen
968 880 1029 907 und
1047 880 1098 907 des
1113 880 1222 907 Textes
1237 879 1314 907 muss
1329 879 1378 906 ich
1394 879 1488 906 selbst

151 922 264 955 tragen.
304 919 386 946 Beim
408 920 518 947 Fehlen
539 920 590 947 der
611 919 740 946 Melodie
762 919 855 946 bleibt
876 919 1014 946 manches
1035 918 1179 955 fraglich,
1207 918 1283 945 doch

1303 918 1369 954 gibt
1399 918 1496 945 neben

152 958 289 985 auderem
317 957 365 984 die
393 958 546 985 Assonanz
574 959 672 993 einige
699 961 768 994 gnte
796 957 1048 993 Anhaltspunkte.
1070 971 1106 975 —
1127 957 1249 984 Initiale
1278 965 1355 992 resp.
1388 956 1496 983 Alinea

153 996 268 1023 scheint
290 997 319 1022 in
340 996 391 1022 der
414 998 519 1031 Quelle
542 1007 578 1024 zu
599 996 697 1024 fehlen
722 998 768 1023 bei
789 994 845 1028 2b,
870 995 900 1029 13
923 995 974 1029 3b,
995 995 1007 1023 l
1030 996 1090 1023 und
1111 994 1162 1028 53,
1186 994 1211 1022 1.
1234 1010 1268 1015 —
1291 993 1345 1027 3a,
1370 993 1388 1022 2
1413 995 1496 1022 Iesse

153 1036 236 1070 virgo
258 1035 378 1061 nobilis.
401 1049 446 1073 —..
460 1035 512 1067 4a,
534 1035 551 1062 5
574 1044 649 1071 quae
671 1039 738 1062 tuos
760 1043 912 1071 nunquam
934 1037 1009 1062 mori
1030 1035 1150 1062 deseris.
1172 1049 1210 1053 —
1237 1033 1291 1064 4b.
1315 1032 1332 1061 2
1357 1033 1497 1061 sordibus

154 1074 214 1100 vile
244 1073 328 1100 hanc.
356 1087 393 1090 -
427 1075 615 1102 Ubersehrift
640 1074 847 1109 „Sequentia“.
880 1074 969 1101 deren
999 1073 1100 1101 Inhalt
1131 1074 1185 1100 auf
1215 1073 1262 1100 die
1290 1073 1497 1100 Praesentatio

154 1112 244 1138 kaurn
267 1113 364 1146 Bezug
384 1114 496 1139 nimmt.

167 1334 223 1365 13.

165 1481 223 1511 23.

163 1673 222 1706 33.

162 1867 223 1897 4a.

162 2110 227 2140 5a.

161 2302 223 2334 63.

589 1245 631 1275 61.
663 1244 696 1274 ln
720 1243 944 1275 Purificatione
967 1244 1055 1274 mlv.

253 1334 278 1366 O
306 1333 399 1365 beata

251 1382 416 1414 theotocos
443 1383 536 1419 alma,

252 1478 335 1510 Nam
361 1479 394 1510 in
421 1484 476 1512 tua

252 1536 286 1558 se
313 1527 428 1559 clausit

255 1576 381 1606 viscera
407 1577 493 1608 salus
520 1581 639 1615 nostra,

252 1672 392 1703 Verbum
420 1673 480 1704 Dei
506 1673 620 1712 patris,

252 1725 364 1751 sancto
391 1730 461 1752 cum
487 1725 659 1760 pneumate

250 1769 303 1808 qui
330 1767 407 1799 fecit
433 1769 552 1808 omnia,

253 1864 311 1903 Qui
339 1864 471 1896 verbum
499 1867 623 1905 accepit

249 1923 267 1944 3
293 1913 411 1952 spiritu

248 1966 370 1999 sancto,
398 1961 483 2002 quod
511 1966 643 1992 mortem

249 2019 310 2041 non
340 2009 465 2041 videret
491 2014 596 2047 antea,

255 2107 346 2145 Quod
375 2107 550 2140 clementer
575 2107 639 2147 egit

247 2155 479 2194 prophetarum

249 2203 414 2243 complens
440 2204 603 2244 vaticinia,

253 2304 353 2340 Quem
380 2301 491 2334 laudat
517 2302 665 2335 caelestis
683 2306 790 2334 turma

249 2350 405 2381 virtutum
431 2351 463 2383 in
491 2351 615 2393 aethra,

245 2397 408 2431 Cherubin

247 2446 470 2488 Seraphinque
497 2452 637 2483 caterva.

861 1334 922 1368 lb.

862 1479 920 1512 2b.

862 1673 920 1706 3b.

862 1867 920 1901 4b.

858 2108 916 2142 5b.

857 2301 917 2336 fib.

952 1335 1069 1367 Preces
1097 1339 1223 1366 nostras

950 1383 1039 1414 eaelo
1066 1387 1286 1423 repraesenta.

950 1479 1028 1512 Cum
1055 1480 1190 1512 visitans

947 1528 1080 1559 advenit

950 1577 1102 1608 mundum
1129 1577 1257 1608 salvare
1284 1581 1408 1609 cuncta.

949 1673 1108 1706 Simeonis
1133 1673 1220 1705 senis

946 1722 1030 1753 ulnis
1058 1725 1105 1752 est
1131 1721 1288 1754 sublatus,

947 1769 1052 1801 factus
1079 1770 1252 1810 terrigena.

950 1867 1060 1898 Donec
1085 1867 1211 1898 videret

945 1915 1108 1948 Christum
1136 1915 1207 1957 Dei,

947 1962 1065 1994 factum
1093 1964 1251 1995 hominem

946 2021 983 2043 ex
1012 2013 1135 2052 virgine
1162 2013 1279 2047 Maria.

946 2109 1042 2143 Unde
1069 2111 1242 2151 ceciderat,

945 2161 980 2188 ut
1006 2158 1166 2190 hominem

946 2205 1085 2237 referret
1108 2207 1150 2238 ad
1177 2217 1304 2248 supera.

945 2303 1055 2335 Omnis
1088 2303 1173 2335 hunc
1205 2305 1368 2339 collaudet
1395 2308 1488 2343 homo

945 2351 1062 2383 devote
1089 2361 1148 2392 per
1173 2355 1291 2389 saecla.

944 2405 1080 2440 propter
1104 2409 1198 2441 quem

945 2448 1058 2480 mortis
1087 2449 1234 2483 dissolvit
1259 2452 1341 2488 iura.
