1654 2756
221 441 282 470 4a.

221 613 282 644 52.

220 837 279 865 oia.

223 1180 282 1210 Sa.

197 1525 276 1557 102.

197 1699 279 1730 1la.

729 184 772 189 -—
825 162 896 198 230
946 181 992 187 —

277 287 285 295 .
316 262 497 296 Denudasti
522 262 665 302 linguam
691 260 796 301 patris

318 311 363 343 Et
372 310 555 343 obstrusum
566 314 712 342 ventrem
721 308 836 341 matris

365 359 538 391 Nascendo
565 358 752 398 decrepitis.

314 437 384 468 Vox
412 436 582 469 clamantis
607 436 641 468 in
668 435 797 468 deserto

316 485 389 516 Non
415 485 527 526 figuris
552 484 610 516 sed
636 487 751 524 aperto

366 533 562 566 Praedicans
589 532 727 572 eloquio,

314 611 364 643 Tu
389 610 545 643 locustam
571 617 692 649 nosque
716 607 824 648 fidem,

317 659 365 690 Tu
391 660 464 701 mel,
491 659 550 690 sed
570 667 628 690 nos
646 657 718 697 plus
738 665 833 697 quam

598 705 684 738 idem

363 754 537 787 Gustemus
565 753 747 786 dulcedinis

311 834 405 871 Aqua
429 833 515 864 sitim
543 831 737 871 repressisti,

315 880 485 919 Reprimat
511 888 585 920 spes
603 879 693 919 regni
712 878 833 910 Christi

363 927 517 960 Nostrum
544 927 752 959 desiderium.

274 1032 280 1038 .
313 1005 359 1037 Te
384 1006 504 1044 pavisti
529 1009 623 1044 pastu
650 1004 747 1045 trino,

315 1053 363 1084 Tu
389 1063 446 1085 nos
473 1062 581 1094 pasce⁷
609 1053 667 1084 sed
693 1052 803 1084 divino

362 1101 526 1133 Virtutum
549 1101 727 1141 cibamine3

313 1177 465 1217 Tegimen
494 1177 583 1209 dedit
611 1177 762 1217 camelus,

315 1225 425 1257 Cinxit
451 1225 576 1257 lumbos
602 1225 663 1256 Dei
691 1225 777 1256 zelus

364 1274 561 1313 Impugnans
585 1273 769 1313 libidinem3

251 1364 259 1381 a
275 1378 280 1383 .
311 1350 359 1381 Tu
367 1346 454 1393 [plus
463 1360 534 1382 eras
541 1349 650 1392 quam]
659 1350 829 1389 propheta,

315 1398 453 1430 Reseras
481 1398 540 1430 Dei
566 1402 700 1439 secreta,

363 1446 487 1487 Tegunt
515 1450 603 1478 vates
630 1446 748 1486 ceteri3

309 1523 334 1555 Ο
361 1523 551 1565 mirandam⁷
579 1532 597 1554 o
623 1523 827 1564 stupendam,

314 1571 339 1604 O
366 1576 499 1603 naturae
525 1570 783 1613 praeferendam,

361 1619 510 1651 Divinam
538 1620 731 1659 potentiam!

310 1697 399 1728 Inter
425 1701 547 1728 turmas
566 1706 599 1728 se
617 1700 827 1737 prementem,

312 1744 436 1777 Mundo
461 1749 595 1784 peccata
620 1745 787 1776 tollentem

313 1794 438 1832 Agnnm
467 1793 539 1830 Dei,
566 1792 628 1824 Dei
653 1796 802 1833 mentem,

361 1840 539 1872 ostendisti
567 1840 686 1882 digito3

271 1953 277 1958 .
307 1926 410 1958 Deum
437 1930 562 1966 patrem
588 1926 753 1965 audivisti7

312 1974 415 2006 Deum
442 1975 591 2015 spiritum
617 1974 739 2006 vidisti.

311 2022 413 2054 Deum
441 2027 551 2055 natum
578 2023 652 2055 dum
679 2023 788 2054 lavisti

360 2071 509 2103 Iordanis
535 2071 568 2103 in
594 2070 742 2109 flumine3

270 2184 276 2190 .
310 2159 400 2190 Inter
422 2162 516 2190 natos
542 2158 712 2190 mulierum

359 2205 461 2239 Nemo
494 2206 596 2238 maior
617 2210 649 2238 te
675 2206 826 2249 surrexit,

268 2319 275 2326 .
306 2293 448 2325 Herodis
474 2294 610 2336 imperio

310 2341 419 2374 Rubes
445 2351 485 2374 ex
512 2343 683 2383 martyrio,

360 2390 528 2424 Castitatis
555 2391 670 2424 lilium.

923 259 985 295 3b.
1016 259 1148 301 Nostra,
1177 258 1269 297 velis,
1297 256 1340 288 sit
1366 255 1513 288 facunda

920 436 982 469 4b.

920 608 984 643 5b.

917 830 980 865 eb.

919 1004 981 1039 7b.

917 1177 978 1211 eb.

915 1350 978 1384 9b.

891 1523 975 1557 10b.

891 1698 930 1730 11
942 1696 973 1728 b.

890 1927 978 1962 1212.

890 2160 933 2192 13
945 2159 976 2193 b.

889 2293 977 2329 14b.

1017 309 1154 348 Lingua,
1168 314 1323 346 mensque
1339 306 1382 338 sit
1399 299 1541 337 fecunda

1065 357 1144 388 Tuis
1165 355 1268 388 sacris
1294 354 1436 388 monitis,

1013 434 1063 466 Tu
1069 432 1265 474 praecurris,
1277 430 1341 471 fac,
1353 439 1538 472 sequamur,

1016 482 1094 523 Fac,
1122 486 1154 513 te
1181 481 1263 513 duce
1288 481 1488 521 gradiamur,

1064 531 1115 563 Ne
1141 528 1293 562 fallamur
1320 528 1426 562 devio.

1017 608 1172 647 Caritate,
1197 615 1261 647 qua
1287 605 1462 638 dulscescit

1015 656 1114 689 Cibus
1140 655 1244 688 omnis
1271 658 1302 686 et
1329 655 1384 695 qui
1409 654 1512 686 nescit

1061 705 1175 737 Finem
1202 703 1252 735 sui
1277 703 1425 735 nominis.

1014 831 1142 866 Vinum.
1171 829 1307 861 siceram
1335 828 1456 866 vitasti,

1014 878 1083 910 Fac
1108 886 1249 910 errorem
1277 875 1342 908 fide
1368 876 1459 917 pasci

1062 925 1265 965 Debellaque
1290 926 1432 957 noxium.

1013 1003 1095 1043 Spes
1121 1003 1163 1034 sit
1188 1006 1292 1044 potus,
1318 1000 1400 1034 fides
1428 1001 1533 1039 cibus,

1014 1051 1118 1092 Sapor
1145 1051 1281 1091 carita53
1309 1050 1358 1081 his
1384 1049 1489 1081 tribus

1062 1099 1143 1132 Ciba
1167 1107 1289 1139 servos,
1316 1097 1465 1131 Domine.

1013 1175 1179 1209 Castitatis
1207 1175 1249 1207 da
1274 1175 1420 1217 loricam,

1012 1225 1077 1258 Uni
1103 1224 1242 1265 Christo,
1269 1224 1356 1263 quod
1382 1223 1518 1256 amicam

1060 1272 1189 1305 Castam
1222 1271 1334 1303 demus
1361 1272 1528 1312 virginem.

1010 1349 1062 1382 Ab
1089 1349 1230 1389 antiquis
1257 1349 1486 1388 prophetatum

1010 1398 1122 1430 Pande
1148 1397 1241 1428 nobis
1268 1396 1330 1428 Dei
1356 1401 1465 1429 natum

1058 1445 1181 1478 Umbra
1207 1445 1299 1476 vulsa
1326 1446 1439 1480 veteri,

1008 1522 1133 1557 Umbra
1158 1522 1240 1553 lucis
1266 1522 1299 1553 in
1326 1522 1496 1563 futgorem,

1009 1571 1108 1603 Vates
1134 1571 1167 1602 in
1195 1571 1486 1602 demonstratorem

1059 1619 1201 1660 Transit,
1227 1619 1281 1650 lex
1306 1619 1339 1651 in
1365 1620 1515 1660 gratiam.

1008 1696 1117 1728 Serxis
1144 1696 1207 1727 tuis
1235 1695 1399 1739 miserere,

1011 1745 1126 1777 Funde
1148 1744 1257 1776 lumen
1283 1744 1366 1776 lucis
1393 1754 1501 1783 verae,

1010 1792 1125 1825 Gratia
1151 1792 1193 1824 da
1215 1801 1273 1824 nos
1301 1792 1422 1833 videre,

1057 1840 1149 1880 Quod
1175 1841 1343 1881 nequimus
1369 1843 1494 1875 merito.

1012 1928 1111 1959 Trino
1138 1936 1233 1959 sensu
1260 1927 1319 1960 tibi
1347 1930 1434 1961 trina

1012 1975 1118 2008 Fulsit
1144 1977 1251 2008 unitas
1279 1977 1400 2017 divina⁷

1010 2024 1079 2056 Tua
1104 2034 1274 2056 noscamus
1301 2025 1460 2065 doctrina,

1057 2073 1193 2106 Trinum
1218 2082 1282 2105 uno
1307 2074 1447 2109 nomine.

1010 2159 1135 2191 Durum
1153 2164 1262 2191 tamen
1276 2162 1378 2193 sentis
1393 2160 1529 2202 ferrum,

1058 2208 1148 2247 Quod
1174 2208 1338 2241 Herodias
1362 2210 1479 2244 illexit.

1008 2294 1141 2336 Nostra,
1168 2293 1232 2337 fac,
1260 2294 1391 2330 devotio

1010 2342 1079 2375 Nos
1105 2343 1217 2383 iungat
1243 2346 1407 2378 consortio

1060 2391 1280 2433 Supernorum
1308 2394 1437 2435 civium,

577 2480 634 2513 15.
660 2480 773 2512 Amice
802 2479 935 2524 Christi,
962 2480 1133 2515 Iohannes,
