1654 2756
733 151 999 186 —260—

202 255 262 286 Ga.
297 252 446 291 Laetare,

295 299 374 332 urbs
400 298 571 337 Turonica‚

299 348 349 379 cui
376 346 517 387 praefuit
543 343 674 385 praesul

900 247 969 288 9b.

1001 245 1125 278 Divina

997 293 1123 326 cunctis
1147 291 1298 325 indicens

996 341 1088 374 miris
1114 340 1238 374 monita
1261 338 1368 371 modis

296 400 393 435 atque
419 394 520 427 abbas
998 389 1172 430 educabat,

298 451 412 483 regens
438 447 570 474 strenue
997 447 1141 479 quosque
1167 437 1333 470 advocans

301 491 421 523 Christi
447 490 555 523 ovilia.
1000 486 1183 520 erudiebat.

205 570 222 602 7
237 578 265 602 a.
299 567 447 600 Pretiosa
903 564 966 599 7b.
998 565 1064 597 Per
1089 573 1184 606 quam
1211 566 1304 596 tanta

301 617 390 648 cuius
417 617 482 649 vita
997 614 1143 646 remedia

299 669 329 697 et
355 664 513 697 mirabilis
997 661 1134 694 contulit
1160 660 1310 694 Christus

298 718 347 745 est
373 717 405 745 et
430 713 610 754 praecelsa,
996 711 1163 744 salutaria.

203 793 267 826 Sa.
299 790 458 830 Flagrans
485 790 575 822 cuius
901 788 964 823 8b.
996 788 1096 827 Quem
1123 787 1279 825 Michael,
1322 768 1351 778 Ἢ

298 839 433 870 caritate
997 836 1145 877 angelica

299 886 437 927 fervida,
465 888 618 919 virtutum

299 934 420 967 referta
447 935 540 967 donis

298 984 403 1016 anima
429 983 567 1025 sublata,

299 1031 555 1072 patriarcharum
584 1031 682 1063 choro

299 1079 432 1119 addna3

205 1157 267 1190 91).
299 1156 432 1188 Iamiam
459 1161 557 1196 tuam,
585 1165 603 1187 o
630 1155 735 1195 beate,

298 1213 459 1244 posennus

300 1252 453 1291 Martine,
481 1252 694 1293 clementiam,

904 1154 967 1189 9b.

1000 889 1211 926 consaeptum
1239 885 1383 921 caterva,

1000 933 1162 973 virginum
1190 932 1289 964 choro

1000 983 1154 1022 suscepit,
1182 980 1290 1013 Maria

999 1030 1145 1071 paradisi
1172 1030 1283 1061 locans
1309 1028 1341 1059 in

1000 1079 1115 1119 gloria.

999 1154 1045 1187 Ut
1070 1159 1183 1187 nostra
1209 1154 1347 1186 crimina
1374 1152 1446 1184 dira

1000 1203 1145 1236 adimant

1001 1256 1057 1283 tua
1083 1255 1196 1284 sancta
1221 1254 1355 1291 precata

667 1330 721 1362 10.
748 1331 848 1370 Apud
877 1338 986 1370 regem

745 1382 935 1420 regnantem
962 1378 994 1409 in
1021 1377 1142 1410 saecla.

283 1462 370 1495 Trop.
393 1470 445 1489 ms.
467 1461 658 1489 Gerundense
683 1470 759 1490 saec.
783 1461 827 1490 12.
849 1463 921 1491 Cod.
946 1462 1076 1490 Parisin.
1100 1462 1195 1489 Nouv.
1216 1469 1281 1496 aeq.
1302 1458 1369 1487 495.
1392 1474 1427 1478 —
1450 1460 1503 1493 5b,
1525 1459 1545 1488 4

206 1500 361 1527 residebat.
384 1515 420 1520 —
443 1499 492 1532 Ga,
515 1499 532 1526 4
554 1501 648 1527 albas.
666 1498 772 1536 —8b,
794 1500 812 1529 3
833 1505 979 1538 saeptum.
996 1500 1223 1528 —Melodie:
1251 1500 1351 1526 Haec
1377 1502 1435 1526 est
1462 1500 1545 1527 dies

207 1539 303 1570 (Anal.
326 1539 436 1573 Hymn.
459 1540 533 1570 VH,
554 1540 604 1566 Nr.
630 1537 712 1573 170);
734 1539 855 1568 letztere
878 1541 1014 1577 Sequenz
1036 1541 1075 1566 ist
1096 1539 1172 1566 auch
1192 1537 1316 1566 textlich
1337 1537 1384 1565 die
1406 1538 1547 1574 Vorlage.

204 1578 271 1642 {gh
298 1578 374 1642 {211'
401 1579 451 1605 Nr.
487 1576 548 1604 171.
575 1592 611 1595 —
641 1578 701 1605 Der
730 1579 867 1614 gleichen
895 1579 1025 1606 Melodie
1056 1577 1155 1615 folgen
1182 1587 1211 1604 u.
1240 1585 1266 1604 a.
1295 1577 1367 1609 VII,
1395 1577 1447 1604 Nr.
1481 1575 1546 1611 112,

232 1615 275 1649 17,
337 1618 364 1642 ὅ.

655 1690 722 1721 289.
764 1691 807 1723 De
829 1693 938 1723 sancto
960 1691 1091 1722 Mathia.

554 1772 584 1805 1.
613 1773 694 1809 Ave,
721 1772 858 1813 Mathia,
888 1774 970 1806 caeli
997 1782 1135 1814 gemma,

616 1820 649 1851 in
675 1820 778 1852 lucem
804 1823 949 1862 gentium
976 1826 1164 1854 cunctarum

617 1868 771 1902 divinitus
799 1871 886 1903 data.

231 1947 292 1979 22.
324 1946 424 1985 Euge,
452 1945 514 1977 Dei
539 1953 643 1984 serve,

325 1994 379 2034 qui
406 1994 543 2026 docuisti

327 2042 474 2074 veritatis
499 2042 618 2081 lumen,
646 2040 819 2086 Christum,

324 2091 422 2123 solem
449 2091 603 2130 iustitiae,

326 2138 474 2171 indutum
501 2147 608 2180 carne,

334 2187 388 2227 qui
414 2187 491 2219 fecit
516 2187 638 2220 orbem.

230 2266 290 2298 3a.
323 2264 368 2296 Te
393 2265 523 2306 plenum
549 2264 625 2304 fide,
929 2265 992 2300 3b.

325 2312 515 2346 Bethlehem
543 2314 583 2346 de
608 2312 698 2346 tribu
721 2313 804 2347 Iuda

327 2364 448 2403 natum,
474 2362 617 2403 gaudent
641 2361 763 2395 habere

326 2415 504 2443 consortem
531 2411 565 2442 in
591 2410 690 2442 caelis

326 2462 436 2499 patres
459 2464 491 2492 et
518 2460 709 2501 prophetae,

931 1947 992 1980 ab.
1025 1948 1183 1987 Apostole
1211 1947 1343 1989 Christi,

1025 1995 1163 2036 Mathia,
1191 2000 1279 2029 sorte

1024 2045 1241 2085 praeelectus,
1268 2045 1375 2078 locum
1401 2047 1504 2081 Iudae

1027 2094 1159 2126 sortitus
1185 2094 1335 2137 intrasti3

1026 2151 1165 2182 agnosce
1190 2151 1301 2174 omnes

1024 2193 1057 2221 te
1084 2191 1267 2231 diligentes.

1024 2266 1071 2298 Te
1095 2267 1216 2308 lignum
1244 2267 1342 2306 vitae,

1024 2313 1134 2348 ferens
1159 2314 1286 2348 fructus
1313 2316 1500 2359 duodecim,

1023 2363 1066 2395 ad
1091 2364 1251 2397 medelam
1277 2365 1420 2406 gentium

1023 2411 1095 2452 lege
1121 2412 1344 2446 doctissimum

1024 2460 1103 2501 legit
1128 2461 1300 2496 Emanuel.
