1654 2756
208 263 271 295 4a.
300 261 353 294 Tu
378 272 496 304 agnum
522 273 644 307 regem,
918 270 981 304 4b.
1012 271 1124 312 Tuque
1150 268 1310 302 furentem

306 312 416 344 terrae
442 311 690 357 dominatorem,
1017 318 1199 352 Leviathan
1225 322 1258 350 et
1285 319 1353 351 eius

309 359 351 392 de
376 360 450 394 sinu
475 363 582 402 patris
608 364 736 396 venisse
1015 368 1170 408 membra,
1198 367 1336 400 Iudaeos
1361 367 1490 408 impios,

308 412 462 450 potenter
1016 417 1166 449 Ananum

303 458 348 490 ad
374 465 517 492 montem
543 459 632 493 filiae
658 460 736 494 Sion
1017 465 1212 506 pontificem,
1241 473 1318 497 voce
1345 465 1433 497 clara

307 505 494 549 affirmasti,
1016 513 1203 546 confudisti.

208 586 270 619 5a.
299 585 386 617 Hinc
411 595 558 619 assessor
583 587 661 619 iusti
921 590 984 624 5b.
1017 591 1102 623 Hinc
1127 600 1245 623 manna
1271 591 1354 631 pluit

307 634 427 666 iudicis
455 635 628 668 duodecim
1018 639 1178 672 Israelitis
1207 640 1306 678 caelo,

307 683 513 716 iudicaturus
1017 688 1093 719 licet
1119 688 1255 727 ingratis

309 731 414 764 tribus
440 732 555 774 Israel,
1015 735 1261 777 rebellantibus,

309 789 403 821 quem
431 782 634 821 praedicasti
1020 793 1131 816 verum
1158 784 1312 816 Messiam

308 830 554 870 propitiationis
1017 834 1153 874 mystice
1179 832 1413 873 praefigurans,

309 887 440 919 agnum,
469 884 658 920 regnantem
1017 891 1111 923 quem
1139 885 1260 921 natum,
1287 891 1428 924 passum,

310 928 402 960 caelo
428 929 651 968 aeternaliter,
1017 934 1178 963 mortuum
1205 934 1235 962 et
1262 930 1425 970 sepultum

310 976 484 1016 propitiari
511 977 605 1010 nobis
1018 979 1245 1021 resurrexisse,
1275 979 1381 1011 caelos

310 1033 486 1065 precamur
511 1027 780 1060 misericorditer.
1017 1027 1205 1060 ascendisse
1235 1037 1311 1059 vere
1339 1029 1539 1061 monstrasti.

212 1104 274 1136 6a.
309 1104 377 1136 Fac
403 1103 570 1136 Christum
598 1103 735 1146 dulcem,
921 1104 986 1138 6b.
1019 1105 1086 1137 Fac
1112 1105 1179 1145 igni
1206 1109 1318 1136 sancto

310 1161 404 1192 quem
433 1151 592 1190 dilexisti,

307 1209 438 1240 gregem
465 1209 524 1231 nos
551 1200 707 1239 pusillum

310 1249 485 1289 degustare

307 1306 378 1328 cum
404 1297 533 1328 sincera
559 1295 635 1335 fide,

306 1349 479 1386 motusque
506 1345 684 1386 constringi

307 1395 422 1426 noxios
449 1394 605 1433 lacrimis,

309 1444 416 1476 Iesum
441 1452 570 1475 roseum
668 1478 671 1482 ,

308 1492 342 1524 in
362 1500 458 1524 cruce
485 1492 658 1532 speculari.

214 1571 271 1603 7a.
303 1569 393 1602 Audi
419 1579 489 1609 nos,
925 1572 986 1606 71).

310 1628 385 1651 nam
412 1622 445 1650 te
471 1617 558 1650 filius

311 1667 374 1700 Dei
399 1667 505 1699 libens
532 1667 682 1703 honorat,

210 1746 230 1779 8
245 1754 274 1778 a.
308 1745 359 1777 Da
378 1745 518 1784 laudem,
547 1745 626 1778 urbs
645 1746 834 1792 Treberica‚
922 1748 985 1782 8b.

310 1794 427 1835 gaude,
456 1793 537 1826 felix
564 1794 753 1839 Germania,

311 1843 352 1875 de
377 1846 468 1876 tanto
494 1847 646 1885 patrono,

1017 1154 1185 1194 patrisque
1211 1153 1320 1194 verbo,

1017 1202 1102 1242 quod
1129 1201 1249 1232 ardens
1276 1206 1311 1233 ut
1338 1200 1469 1234 flamma

1017 1253 1052 1282 tu
1079 1249 1218 1290 portasti

1015 1303 1142 1338 martyr
1168 1297 1291 1329 Christi
1320 1297 1425 1330 factus

1016 1347 1208 1387 lapidesque
1235 1350 1335 1378 testes

1016 1396 1123 1428 securi
1150 1403 1262 1426 caesus

1018 1445 1165 1477 Romano
1191 1453 1280 1475 more

1018 1498 1107 1525 caste
1134 1501 1191 1524 nos
1218 1493 1451 1533 propinquare.

1019 1571 1117 1604 Salva
1144 1580 1212 1609 nos,

1021 1622 1104 1660 Iesu,
1133 1629 1193 1659 pro
1219 1619 1336 1659 quibus

1019 1673 1150 1702 sanctus
1176 1668 1321 1700 Mathias
1348 1672 1380 1700 te
1407 1674 1490 1702 orat.

1018 1749 1120 1788 Quem
1146 1746 1275 1778 Helena
1303 1747 1343 1779 de
1371 1747 1493 1780 Iudaea

1021 1807 1092 1830 cum
1120 1796 1221 1829 clavis
1248 1801 1345 1837 atque
1371 1797 1481 1829 tunica

1019 1846 1143 1881 Christi
1169 1846 1256 1877 misit
1285 1845 1379 1879 dono.

542 1925 575 1957 9.
603 1924 849 1959 Christianismi
875 1926 986 1967 fidem,

602 1973 746 2015 Christe,
774 1975 836 2008 tibi
864 1974 918 2009 fac
942 1976 1076 2018 placere

603 2019 769 2065 beatoque
796 2024 860 2057 fine

603 2080 642 2104 ex
670 2072 765 2105 huius
791 2074 937 2107 incolatu
964 2073 1100 2115 saeculi,

603 2124 728 2163 auctor,
756 2123 799 2155 ad
826 2127 859 2156 te
885 2123 1037 2155 transire.

268 2209 410 2244 Sequent.
442 2217 496 2235 ms.
525 2208 555 2236 S.
581 2208 717 2236 Mathiae
742 2210 932 2238 Trevirensis
964 2218 1042 2237 saec.
1074 2206 1149 2235 ¹5l16.
1178 2207 1337 2243 Appendix
1367 2212 1435 2244 post
1467 2210 1551 2237 Miss.

190 2247 402 2277 Bursfeldense
424 2248 493 2284 imp.
518 2246 625 2284 Spirae
650 2246 732 2276 1498.
754 2248 844 2280 (Bibl.
866 2250 961 2277 Ducis
983 2248 1140 2282 Parmen.).
1162 2246 1196 2273 A.
1213 2261 1250 2265 -—
1266 2247 1349 2274 Miss.
1373 2249 1552 2277 Trevirense

190 2289 261 2324 imp.
291 2284 459 2324 [Basileae]
489 2284 573 2315 1487.
596 2287 630 2315 B.
652 2303 690 2307 —
712 2289 798 2316 Miss.
819 2289 1002 2316 Trevirense
1028 2288 1099 2324 imp.
1130 2286 1244 2321 absque
1267 2284 1422 2323 [Basileae
1454 2286 1552 2325 1490}

189 2327 223 2356 C.
251 2342 284 2346 —
313 2327 400 2354 Miss.
427 2327 609 2355 Trevirense
635 2327 707 2363 imp.
737 2327 885 2356 Coloniae
913 2325 999 2355 1498.
1026 2327 1063 2354 D.
1092 2341 1130 2344 —
1158 2325 1245 2352 Miss.
1272 2326 1452 2355 Trevirense
1480 2329 1551 2365 imp.

189 2366 400 2394 Confluentiae
423 2363 507 2394 1547.
531 2365 568 2395 E.
590 2383 628 2387 —
650 2364 708 2400 23,
741 2366 754 2394 1
777 2368 835 2395 Dei
858 2375 952 2403 parve
973 2366 1035 2394 AB.
1058 2380 1095 2384 —-
1116 2363 1177 2397 21),
1207 2363 1225 2391 3
1247 2365 1345 2393 locum
1367 2366 1437 2394 inde
1459 2365 1494 2395 E.
1517 2383 1554 2387 —

189 2404 247 2439 3a,
274 2403 293 2433 3
320 2408 426 2433 natum
453 2405 529 2434 fehlt
550 2407 583 2434 Β.
608 2420 647 2425 -
667 2404 725 2438 41),
753 2404 771 2433 2
799 2415 834 2434 ac
862 2407 928 2434 eius
951 2407 984 2434 B.
1006 2419 1044 2425 —·
1066 2403 1125 2437 53,
1157 2402 1170 2431 l
1204 2405 1310 2432 iniusti
1332 2405 1368 2433 E.
1392 2421 1429 2425 —
1451 2406 1502 2439 5a,
1537 2409 1554 2436 9

189 2445 363 2482 propitiare·
376 2444 413 2473 E.
434 2460 470 2465 —-
493 2444 553 2478 51),
581 2443 600 2473 2
620 2445 801 2474 Israeliticis
823 2445 887 2474 CD.
911 2461 948 2465 —
971 2444 1030 2477 5b,
1051 2442 1069 2472 3
1092 2445 1220 2480 ingratis
1242 2443 1315 2483 {iliis
1337 2445 1372 2473 Α.
1395 2462 1432 2466 -
1453 2445 1508 2480 6a,
1537 2445 1554 2476 6

188 2485 332 2520 restringi
353 2483 388 2512 A.
411 2499 448 2503 —
469 2482 528 2518 63,
551 2483 568 2512 ’7
590 2493 686 2513 noxos
707 2485 743 2513 A.
765 2498 803 2504 —
823 2483 884 2518 63,
914 2483 932 2512 9
954 2484 1029 2512 fehlt
1049 2482 1167 2511 BCDE.
1188 2498 1224 2502 —
1249 2484 1309 2516 83,
1342 2482 1356 2512 1
1380 2486 1463 2514 urbis
1486 2487 1552 2521 ΒΕ;

188 2524 350 2553 Treverica
375 2524 408 2550 B.
432 2538 468 2543 —
489 2522 545 2556 81),
567 2521 586 2552 3
606 2524 663 2552 tibi
685 2525 770 2552 misit
790 2524 826 2552 A.
848 2539 886 2543 —
909 2523 1055 2552 Melodie:
1092 2524 1165 2550 Ave
1188 2524 1396 2558 praeclara.
