1654 2756
198 233 260 266 23..

196 364 256 401 33.

739 135 1002 171 -187-

296 233 378 276 Ave,
407 243 551 267 summae
580 235 786 280 paupertatis

345 283 554 316 Praeclarum
582 283 800 328 principium3

293 366 377 410 Ave,
406 366 496 398 cuius
524 368 643 400 caritas

295 415 342 447 Et
365 415 507 456 simplex
532 416 698 448 humilitas

350 464 481 498 Christo
508 465 588 497 dant
613 464 806 506 hospitium

904 234 969 269 2b.

905 367 968 401 3b.

1003 237 1086 276 Ave,
1113 235 1214 267 mirae
1238 234 1385 268 caritatis

1051 284 1257 318 Praecellens
1284 283 1464 316 exordium.

1003 369 1085 410 Ave,
1115 368 1204 400 cuius
1232 366 1372 408 dignitas

1001 417 1048 449 Et
1073 420 1162 448 ortus
1187 416 1343 448 nobilitas

1052 465 1218 498 Decorant
1244 463 1416 497 Assisium.

200 549 262 580 4a.
298 548 382 590 Ave,
410 556 591 588 pauperum
618 547 762 590 lucerna,
904 548 968 581 4b.
1003 551 1084 585 Ave.
1113 549 1261 581 Christus
1287 556 1382 590 quam
1408 545 1517 579 adfari

300 595 359 628 Cui
387 595 479 629 dedit
504 597 553 628 vis
580 604 734 637 superna,
1003 599 1113 638 Atque
1139 598 1193 638 pie
1220 598 1379 630 consolari

349 645 474 687 Oleum,
503 653 574 676 cum
602 643 726 683 defuit3
1051 645 1138 678 Viva
1163 655 1242 678 voce
1269 646 1379 678 voluit.

199 730 259 760 5a.
295 729 378 768 Ave,
406 733 591 760 sanctarum
619 727 828 770 praefulgens
908 728 971 763 5b.
1006 730 1089 767 Ave,
1117 728 1274 770 splendor
1300 728 1482 761 clarificans

344 777 511 818 speculum
523 788 532 820 ς
1051 777 1227 810 saeculum.

198 861 262 893 63.
297 861 324 894 Ο
352 869 447 901 quam
475 860 625 893 mirabile
906 860 970 894 tib.
1005 862 1044 893 In
1070 870 1132 901 quo
1158 870 1218 900 per
1244 861 1394 902 spiritum

297 910 342 942 Et
368 918 464 950 quam
490 909 656 942 laudabile

349 958 410 990 Est
436 958 496 990 hoc
523 958 705 999 collegium,

1005 909 1134 942 Christo
1162 909 1198 941 fit
1225 910 1369 942 debitum

1052 957 1220 998 Frequens
1246 958 1444 997 obsequium,

203 1040 263 1073 7a.
299 1040 433 1081 Oquam
446 1040 597 1080 clemens,
609 1049 704 1081 quam
718 1040 867 1084 benigna,
897 1041 957 1075 7b.
994 1041 1058 1072 Per
1088 1049 1183 1080 quam
1210 1041 1312 1072 hostis
1340 1044 1533 1081 removetur,

296 1089 425 1128 Quanta
451 1088 550 1121 Clara
574 1089 672 1121 laude
699 1089 797 1129 digna
1002 1089 1047 1120 Et
1072 1088 1208 1121 libertas
1233 1088 1430 1128 indulgetur,

348 1137 448 1178 Apud
477 1136 640 1169 Christum
670 1137 830 1169 creditur!
1054 1138 1138 1169 Dum
1166 1138 1238 1168 Iesu
1266 1136 1471 1176 colloquitur.

198 1221 260 1253 83.
296 1221 380 1258 Ave,
407 1228 468 1259 per
494 1220 584 1251 cuius
610 1219 762 1251 meritum

296 1268 394 1301 Panis
420 1271 557 1309 augetur
583 1268 743 1307 virginum

345 1315 519 1349 Deiectum
545 1316 753 1358 patientium.

907 1219 969 1253 8b,
1007 1219 1032 1252 O
1056 1227 1151 1259 quam
1180 1219 1307 1258 fulgens
1334 1218 1524 1250 miraculum

1004 1268 1188 1300 Conventus
1216 1271 1264 1298 est
1292 1266 1458 1298 humilium

1052 1317 1117 1348 Per
1145 1315 1260 1347 Clarae
1286 1316 1521 1356 patrocinium!

629 1402 660 1433 9.
699 1400 867 1441 Supplica‚
898 1399 1016 1439 Maria,
1045 1402 1132 1441 nato,

684 1449 731 1482 Ut
757 1458 815 1481 nos
842 1448 980 1480 mundet
1006 1458 1025 1480 a
1051 1451 1187 1488 peccato

735 1497 780 1529 Et
803 1499 879 1538 post
907 1497 994 1529 vitae
1020 1497 1115 1528 huius
1143 1505 1271 1527 cursum

730 1545 800 1578 Nos
826 1548 902 1586 post
929 1545 1062 1579 Claram
1087 1544 1185 1577 ducat
1210 1553 1338 1576 sursunt

779 1596 834 1628 Ad
861 1603 1005 1634 superna
1032 1593 1162 1635 gaudia.

277 1682 413 1710 Oration.
442 1691 495 1709 ms.
517 1682 750 1709 Franciscanum
783 1690 861 1709 saec.
884 1678 928 1707 15
952 1681 1023 1708 Cod.
1045 1679 1183 1708 Archivii
1207 1678 1469 1707 Colonie11.6.—
1492 1678 1544 1709 21)

197 1719 214 1747 2
236 1721 419 1749 Excordium
449 1721 643 1756 p1·.aeeellens
664 1737 700 1740 —
724 1718 780 1753 81),
805 1719 818 1748 1
842 1719 1002 1765 refulgens.
1026 1735 1060 1738 —
1084 1717 1109 1751 9,
1136 1718 1147 1745 1
1174 1719 1293 1747 Mariae
1318 1734 1351 1738 —
1375 1718 1542 1746 Auffallend

200 1761 241 1787 ist
262 1760 311 1788 die
332 1760 629 1797 Vernachlassigung
650 1760 702 1787 des
724 1760 844 1788 Reimes
862 1760 895 1786 in
916 1759 1044 1795 Strophe
1066 1757 1098 1791 8·
1121 1759 1159 1785 ob
1181 1759 1297 1794 spiitere
1321 1758 1349 1784 Z=
1353 1760 1427 1784 itat'?

677 1875 741 1907 201.
774 1876 817 1908 De
838 1876 951 1908 sancta
975 1875 1080 1907 Clara.

906 1969 923 2002 1
940 1967 971 2001 b.
1010 1969 1124 2000 Iuncta
1150 1977 1269 2007 sponso
1297 1967 1456 1998 castitatis

1004 2016 1136 2050 Gaudet
1162 2016 1285 2056 nuptiis
1312 2015 1446 2056 optatis,

198 1967 257 2001 la.
295 1968 363 2000 Iam
390 1969 425 2001 in
450 1977 550 2012 regno
578 1969 738 2002 claritatis

301 2016 399 2050 Clara
426 2022 539 2058 regnat
567 2028 639 2051 cum
666 2017 782 2059 beatis,

358 2067 459 2107 Virgo
486 2076 557 2099 cum
585 2066 778 2109 virginibu53

1053 2065 1207 2099 Aeternis
1234 2064 1449 2105 amplexibus,

197 2150 258 2184 2a.
295 2149 394 2184 Clara
419 2149 524 2191 stirpe
550 2153 704 2192 generata
907 2149 970 2184 2b.
1008 2148 1184 2182 Nominata
1208 2148 1345 2180 necdum
1374 2151 1450 2180 nata

344 2199 450 2234 Claris
477 2199 579 2232 claret
605 2200 753 2242 actibu53
1055 2199 1098 2230 Et
1125 2201 1303 2237 praeventa
1329 2196 1495 2232 laudibus.

201 2288 263 2321 3a.
298 2285 391 2318 Haec
416 2284 629 2318 Franciscum
657 2283 784 2316 imitata
909 2282 971 2317 3b.
1008 2282 1096 2315 Altis
1124 2283 1207 2313 votis
1235 2282 1362 2314 elevata

343 2333 460 2367 Mundi
487 2333 608 2374 spretis
634 2332 762 2373 opibus,
1055 2330 1231 2364 Praevolat
1257 2329 1443 2363 virtutibus.

197 2420 261 2453 4a.
297 2419 390 2451 Haec
415 2417 449 2450 in
475 2417 620 2450 claustro
637 2416 843 2458 paupertatis
907 2414 973 2448 4b.
1009 2415 1054 2447 Et
1080 2414 1231 2454 exempla
1257 2413 1441 2446 sanctitatis

345 2467 424 2501 Sese
450 2466 581 2499 Christo
609 2465 741 2499 dedicat

1058 2464 1095 2496 In
1122 2462 1234 2495 orbem
1260 2463 1469 2504 multiplicat.
