1654 2756
706 155 970 191 —127—

173 251 234 283 5a.
263 250 370 292 Salve,
398 261 481 292 quae
509 253 620 285 divino
647 253 736 286 cultu
879 254 939 288 5b.
968 253 1075 297 Salve,
1104 263 1186 295 quae
1212 254 1344 287 caelesti
1373 254 1450 286 datu

256 299 303 332 Es
329 301 462 343 stipata,
493 301 569 334 divo
596 303 698 343 vultu,
970 303 1129 336 Salutaris
1156 312 1227 335 cum
1253 301 1368 336 adfatu

306 348 466 389 Angelico
494 349 624 392 habitu3
1015 352 1152 384 Munere
1179 352 1333 392 gratuitu.

171 446 233 477 Ga.
263 445 372 487 Salve,
401 449 435 477 tu
462 447 716 486 reclinatorium,
879 448 940 484 6b.
968 448 1075 489 Salve,
1103 448 1211 481 nobile
1238 449 1426 487 triclinium,

261 493 430 526 viatorum
456 492 709 539 [refrigerium]‚
967 496 1045 529 Flos
1064 495 1222 539 [florum]‚
1241 497 1324 529 odor
1341 501 1373 528 et
1390 496 1507 535 lilium,

312 543 405 583 Spes,
433 543 521 575 salus
547 553 586 575 ac
612 545 776 584 solamen3
1016 545 1117 578 Nobis
1143 546 1188 577 sis
1214 545 1434 578 sublevamen.

241 629 326 656 Miss.
355 637 408 656 ms.
438 629 637 656 Olomueeuse
664 637 740 656 saec.
772 629 816 658 15.
859 631 929 658 Cod.
959 630 1054 666 Capit.
1082 631 1254 658 Olomucen.
1281 627 1326 656 81.
1354 644 1384 648 -ι
1416 628 1467 662 3a,
1490 627 1508 656 2

161 668 320 701 optatanti.
343 682 381 686 —
402 666 455 700 521,
478 665 497 695 2
518 669 629 704 stipata
651 672 702 695 tuo
724 678 750 695 v.
774 683 806 688 -—
828 668 880 703 5b¹
902 667 920 697 3
941 671 1089 705 gratuitu,
1121 669 1300 701 auffallend.
1323 670 1394 697 aber
1415 668 1507 696 durch

161 705 218 734 den
241 705 326 734 Reim
348 705 513 743 geschiitzt.
539 722 573 725 -
597 704 650 739 6a,
675 707 687 734 1
712 707 802 735 Salve
823 707 932 736 dulcer.
957 723 987 726 —
1015 706 1066 739 Ga,
1089 708 1106 732 :l
1128 710 1202 744 Spes
1225 713 1261 736 et.

619 810 679 842 133.
714 812 755 843 De
778 811 877 844 Beata
899 812 999 844 Maria
1025 813 1058 843 V.

174 902 232 934 la.
263 901 370 942 Salve,
396 901 488 941 virgo
514 903 615 943 regia,
879 903 937 938 lb.
967 903 1097 936 Nardus
1125 903 1299 943 odorifera,

263 949 364 990 Virgo
392 950 453 982 viri
479 952 599 991 nescia,
964 953 1085 985 Salutis
1112 962 1283 992 puerpera.

314 998 423 1031 Vellus
451 996 513 1044 [et]
541 1000 707 1039 templum,
1014 1001 1153 1032 Reorum
1180 1007 1315 1041 scutum,

360 1047 477 1080 Portus
505 1047 779 1088 naufragantium.
1062 1050 1143 1088 Spes
1170 1050 1210 1080 ad
1234 1056 1264 1081 te
1283 1050 1505 1082 clamantium.

168 1146 229 1176 2a.
258 1143 321 1176 Dei
348 1144 578 1185 sanctuarium,
876 1144 935 1178 ssb.
965 1146 1171 1179 Consolatrix
1199 1154 1389 1185 pauperum,

260 1192 423 1225 Virtutum
451 1193 640 1233 sacrarium,
965 1193 1135 1225 Elevatrix
1161 1194 1330 1233 scelerum,

306 1240 438 1273 Candor
465 1241 616 1282 vernalis,
1011 1241 1082 1274 Lux
1111 1241 1324 1283 prophetalis,

356 1289 476 1321 Lilium
505 1289 711 1322 convallium.
1059 1290 1156 1323 Sidus
1184 1291 1415 1332 navigantium.

167 1387 229 1419 3a.
259 1387 387 1418 Merces
413 1386 641 1425 laborantium
873 1386 935 1420 3b.
964 1386 1113 1419 Genuim
1141 1388 1241 1419 filium

256 1435 419 1468 Gaudium
447 1436 670 1476 maerentium,
961 1435 1163 1468 Salvatorem
1191 1438 1344 1476 omnium,

306 1483 442 1516 Gemma
469 1484 587 1527 vitalis,
1010 1484 1113 1516 Deum
1142 1486 1286 1526 deorum,

352 1533 471 1573 Aegris
502 1533 583 1565 dans
611 1533 799 1566 remedium.
1057 1533 1139 1574 Spes
1174 1534 1206 1565 in
1234 1539 1265 1565 te
1292 1535 1506 1574 sperantium.

567 1633 599 1666 4.
630 1630 701 1673 Eia,
730 1634 834 1662 mater
859 1630 997 1671 gratiae,

626 1679 715 1711 Fons
742 1679 997 1717 misericordiae,

677 1727 743 1760 Nos
771 1728 939 1760 beatorum

724 1776 796 1809 Duc
821 1777 863 1809 ad
886 1777 1094 1812 consortium,

234 1864 319 1892 Miss.
331 1873 385 1892 ms.
397 1864 601 1893 Altovadense
611 1873 689 1892 saec.
704 1861 747 1892 13.
760 1866 800 1892 in,
812 1864 884 1892 Cod.
895 1864 1206 1893 Altovaden.LXX11.
1220 1865 1286 1892 add.
1299 1873 1376 1892 saec.
1388 1862 1411 1880 ¹³
1426 1875 1461 1892 u.
1472 1879 1508 1883 ——

156 1902 207 1936 la,
228 1901 248 1930 4
268 1903 467 1941 naufragium.
491 1919 526 1924 -—
550 1902 602 1937 312,
624 1902 643 1930 4
665 1905 697 1931 in
718 1913 759 1931 se.

616 2008 677 2040 134.
708 2009 751 2040 Do
772 2009 872 2040 Beata
895 2008 996 2040 Maria
1019 2008 1054 2040 V.

513 2102 542 2133 1.
570 2103 653 2140 Ave,
682 2101 800 2142 Maria,
830 2101 920 2142 virgo
946 2101 1151 2133 sanctissima

567 2150 610 2182 Et
637 2149 725 2182 omni
750 2149 849 2183 laude
877 2149 1078 2190 dignissima.

160 2251 221 2282 2a.
249 2249 331 2288 Ave,
868 2247 931 2281 2b.
957 2248 1039 2288 Ave,

250 2298 386 2339 spiritus
411 2297 515 2331 sancti
541 2297 650 2331 nobile
957 2293 1150 2336 imperatrix
1177 2295 1365 2335 angelorum

247 2347 443 2389 sacrarium
958 2348 989 2375 et
1017 2343 1193 2376 hominum.

154 2447 217 2480 3a.
244 2445 331 2485 Ave,
357 2445 455 2478 stella
481 2446 645 2478 matutina
868 2443 930 2477 3b.
959 2446 1048 2482 Quae
1074 2440 1145 2474 sola
1172 2440 1270 2482 digna
1296 2440 1387 2474 fuisti

249 2495 292 2527 Et
320 2494 433 2528 mundi
460 2494 582 2536 regina,
956 2491 1040 2524 Esse
1066 2493 1170 2523 mater
1197 2490 1329 2525 Christi.
