1654 2756
713 157 957 194 —75-„

572 255 606 290 8.
635 257 691 299 Ut,
718 255 751 288 in
778 265 842 297 qua
868 264 914 297 es,
941 255 1045 296 gloria

629 307 736 337 tecum
763 305 908 337 vivamus
934 309 1068 337 ovantes

630 361 690 394 per
716 352 843 385 diutina
868 353 1006 385 saecula.

235 425 360 461 Tropar.
396 436 448 454 ms.
487 428 673 456 Nivernense
708 437 777 456 saec
810 427 853 456 11.
906 428 976 457 cod.
1010 430 1138 457 Parisin.
1170 427 1256 457 9449.
1291 429 1325 456 A.
1354 443 1392 447 —
1419 428 1505 456 Miss.

159 462 362 499 Lugdunense
383 467 454 502 imp.
476 467 615 502 Lugduni
640 464 714 494 1510
733 468 767 494 B.
789 482 827 486 —
847 467 932 494 Miss.
954 467 1155 503 Lugdunense
1178 470 1246 503 imp.
1263 467 1402 504 Lugduni
1420 465 1504 494 1520.

159 502 191 529 C.
214 516 251 522 ——
272 503 358 531 Miss.
387 504 587 541 Lugdunense
614 506 685 542 imp.
708 506 848 541 Lugduni
873 504 955 534 1530.
979 506 1015 533 D.
1038 522 1075 525 —
1097 507 1180 533 Miss.
1204 507 1404 542 Lugdunense
1434 507 1506 542 imp.

158 541 299 576 Lugduni
331 541 414 570 1556.
436 543 471 571 E.
499 559 538 563 —
565 543 648 571 Miss.
679 543 883 572 Athanatense
911 546 982 579 imp.
1012 545 1152 581 Lugduni
1184 544 1265 572 1531.
1288 546 1320 572 F.
1352 559 1386 563 —
1415 543 1467 578 2³,
1492 544 1504 572 1

159 581 390 609 cuucticolenda
410 582 452 617 A?
486 583 602 610 cunctis
632 582 791 610 recolenda
819 584 852 611 B.
882 599 920 603 -
947 580 1001 614 3a‚
1032 582 1045 610 l
1073 584 1141 619 Ipse
1170 585 1249 611 enim
1284 586 1316 611 A.
1350 599 1381 601 —
1413 582 1467 615 31³,
1490 582 1508 611 2

159 618 400 655 consequeretur
426 622 557 656 vestigia
587 620 622 647 A.
654 636 687 641 —
723 620 783 655 5a,
805 620 823 649 3
849 631 867 648 a
897 625 926 649 te
957 621 1030 648 fehlt
1062 623 1096 649 A.
1130 637 1165 640 —
1198 621 1257 653 51),
1285 621 1303 649 2
1335 623 1434 649 aulam
1466 622 1506 656 1⁴23

159 657 230 685 aula
261 658 402 694 claraque
433 659 507 687 fehlt
537 659 572 686 A.
600 674 638 679 —
666 659 718 691 62,
750 659 762 687 l
793 661 840 688 Ibi
866 661 952 688 BCF.
979 675 1016 678 —
1043 660 1095 691 62.
1123 659 1141 687 3
1173 661 1376 688 dominantem
1407 662 1439 687 B.
1469 676 1505 680 ——

158 695 214 728 Ga,
234 694 263 729 3,
284 695 304 724 4
330 700 466 733 praemia
496 697 657 726 donantem
686 701 867 734 repromissa
889 700 922 726 A.
948 713 986 718 -—
1008 697 1065 731 fib,
1088 698 1102 726 1
1126 701 1276 727 numerari
1297 700 1333 727 E.
1357 714 1392 717 —
1415 698 1466 731 fib,
1489 698 1507 728 4

160 735 249 762 nobis
271 735 346 763 fehlt
360 737 394 762 A.
418 751 456 756 -—
481 735 507 770 7,
526 736 539 764 1
563 746 633 776 ergo
656 741 759 765 sancta
774 739 809 765 A.
829 752 862 757 -—
878 737 905 771 7,
920 737 938 765 2
960 739 1048 765 nobis
1064 747 1166 774 preces
1182 740 1215 766 F.
1231 753 1269 757 ———
1283 737 1311 771 8,
1326 736 1344 764 3
1366 748 1417 773 per
1442 738 1506 765 diu-

157 774 223 801 tina
250 774 326 802 fehlt
346 774 489 803 BCDEF.
511 791 550 796 —-
569 776 759 804 Uberschrift
780 778 811 804 in
833 778 937 805 B-Fz
962 778 1025 811 „De
1048 779 1160 805 sanctis
1182 776 1413 805 Innocentihus“
1425 777 1456 812 (1)
1470 792 1507 795 —

157 812 290 841 Melodie
308 811 353 847 (in
376 815 426 848 A):
455 815 575 851 Virgo
596 815 768 851 plorans.
809 817 869 844 cfr.
891 816 979 844 Anal.
1002 817 1112 851 Hymu.
1134 817 1209 847 Vll,
1238 815 1310 848 1963
1343 815 1414 849 150,-
1438 814 1506 845 151:

158 851 302 885 XXXIV,
323 850 394 886 352;
417 854 482 885 XL,
498 852 536 881 49
557 854 646 882 nebst
666 855 718 883 der
733 855 824 883 Note:
850 855 924 889 „Die
946 856 1053 883 beiden
1069 855 1328 883 Schlussklauseln
1345 855 1411 882 sind
1429 855 1509 883 allen

163 891 349 926 Sequenzen⁷
372 893 484 920 welche
506 893 619 921 diesem
642 894 768 921 Schema
790 895 898 930 folgen,
921 893 1035 931 eigen.“

607 998 653 1029 65.
688 999 719 1029 ln
742 998 964 1038 Assumptione
987 998 1075 1029 Bmv.

170 1079 230 1111 la.
260 1082 342 1117 Ave,
371 1079 463 1120 virgo
491 1080 660 1121 virginum,
839 1079 895 1111 lb.
923 1081 1005 1115 Ave,
1033 1089 1137 1110 meum
1165 1080 1329 1119 gaudium,

257 1128 338 1169 Ave.
366 1128 455 1159 salus
481 1127 658 1168 hominum,
923 1129 1026 1159 Amor
1053 1132 1083 1159 et
1111 1128 1278 1161 solacium.

254 1175 397 1217 Ancilla,
426 1185 508 1216 quae
535 1177 708 1208 Dominum
924 1176 974 1208 Sis
999 1176 1077 1207 mihi
1106 1176 1302 1215 principium

305 1224 466 1263 Genuisti,
495 1225 597 1265 virgo,
625 1226 742 1265 gaude.
972 1224 1016 1255 Et
1042 1224 1116 1256 finis
1142 1225 1174 1256 in
1201 1229 1256 1256 tua
1283 1224 1391 1261 laude,

168 1303 229 1335 2a.
259 1301 304 1334 Ut
329 1304 363 1335 in
392 1306 482 1336 tuum
509 1303 638 1335 libitum
835 1302 896 1335 2b.
926 1304 977 1336 Sis
1004 1303 1085 1334 mihi
1111 1302 1268 1344 propitia,

259 1350 309 1382 Sit
336 1360 391 1384 cor
418 1361 522 1384 meum
551 1352 708 1392 deditum,
925 1352 1035 1392 Virgo,
1066 1351 1129 1383 viri
1159 1351 1278 1391 nescia,

308 1400 450 1441 Lingua,
478 1410 568 1432 mens
596 1405 628 1432 et
654 1401 801 1442 habitus3
973 1400 1143 1440 Templum
1171 1401 1274 1432 sancti
1302 1400 1448 1442 spiritus,

354 1448 399 1480 Et
425 1453 470 1487 tu,
498 1450 596 1489 plena
622 1451 758 1490 gratiae,
1022 1449 1173 1481 Thronus
1201 1449 1286 1490 regis
1313 1449 1446 1490 gloriae.

167 1528 228 1560 3a.
258 1526 398 1567 Gaudia,
427 1527 543 1568 quibus
570 1527 644 1568 plus
670 1527 804 1568 gaudes,
835 1526 898 1560 3b.
927 1526 1070 1559 Primum
1099 1527 1252 1567 gaudium
1281 1527 1321 1558 de
1349 1527 1446 1557 caelis

258 1576 422 1616 Honores,
454 1576 600 1617 virtutes,
628 1577 755 1614 laudes.
927 1575 1025 1608 Venit
1052 1584 1109 1607 ore
1133 1574 1298 1606 Gabrielis

306 1624 421 1657 Dicam
448 1626 519 1657 Deo
546 1626 710 1657 adnuente
975 1624 1062 1655 Voce
1091 1624 1228 1657 dicentis
1256 1632 1409 1656 amoena:

305 1673 441 1713 Lingua,
457 1683 547 1715 voce,
563 1674 673 1716 corde,
684 1678 803 1713 mente,
977 1673 1079 1715 ὋΑνθ,
1109 1675 1143 1703 tu
1171 1673 1276 1713 gratia
1305 1672 1436 1713 plena“.

168 1753 228 1785 4a.
256 1751 407 1784 Secunda
434 1752 559 1784 laetitia
835 1751 898 1784 4b.
927 1753 1007 1784 Post
1034 1752 1209 1783 secundam
1237 1752 1333 1783 tertia

255 1799 333 1832 Fuit
361 1804 451 1833 ortus
478 1802 593 1833 nuntia
926 1800 1003 1832 Fuit
1031 1800 1127 1832 stella
1154 1800 1254 1841 regia,

309 1850 445 1890 Angelis
473 1849 697 1883 cantantibus:
975 1848 1090 1889 Magos
1118 1858 1189 1880 cum
1220 1848 1406 1880 muneribus

261 1899 319 1941 „In
351 1899 490 1930 excelsis
517 1896 655 1939 gloria“.
923 1898 1029 1938 Reges
1056 1906 1170 1938 regens
1198 1898 1341 1938 praevia.

305 1947 460 1980 'restibus
487 1947 673 1987 pastoribus
977 1946 1046 1978 Deo
1073 1946 1167 1978 flexis
1191 1946 1326 1987 genibus

256 1995 384 2028 Norunt
411 1997 564 2029 animalia
924 1996 1026 2029 Trina
1054 1996 1169 2027 dantes
1198 1996 1343 2035 praemia

256 2044 390 2077 Domini
417 2046 622 2086 praesaepia.
924 2045 1041 2078 Fidem
1069 2043 1286 2085 designantia.

172 2127 233 2158 5a.
261 2123 307 2155 Et
334 2124 480 2156 laetitiae
507 2126 643 2164 quartae
838 2123 900 2157 5b.
929 2123 988 2157 Cui
1015 2122 1148 2163 angelus
1177 2121 1280 2153 dixit:

253 2172 374 2213 Maria,
401 2182 496 2205 soror
521 2172 686 2213 Marthae,
930 2173 1050 2215 „Quem
1078 2170 1246 2212 quaeritisx
1275 2170 1404 2211 revixit,

304 2221 382 2254 Fuit
408 2221 517 2254 fidelis
544 2221 648 2263 testis,
975 2220 1071 2261 Ecce,
1099 2219 1188 2250 locus
1217 2222 1247 2249 et
1276 2217 1412 2251 vestis“.

165 2302 227 2335 Ga.
255 2300 411 2340 Quintum
438 2300 501 2333 fuit
527 2299 693 2341 gaudium,
835 2298 896 2333 6b.
925 2298 1059 2331 Sextum
1086 2297 1190 2329 sancti
1217 2297 1352 2336 spiritus

254 2349 392 2389 Quando
419 2353 524 2382 mater
548 2349 648 2382 filium
926 2347 1016 2379 Dans
1041 2347 1088 2377 eis
1116 2345 1272 2377 divinitus

305 2398 398 2430 Vidit
424 2398 532 2431 caelos
551 2398 801 2437 ascendentem;
973 2394 1082 2427 Novas
1092 2394 1230 2436 linguas,
1243 2404 1358 2428 novam
1370 2401 1508 2428 mentem

254 2447 426 2480 Remansit
448 2447 604 2480 solacium
921 2444 1014 2477 Scire
1039 2443 1163 2476 cunctis
1190 2443 1330 2486 penitus,

255 2495 390 2529 Cunctis
417 2501 450 2528 et
476 2496 658 2528 consilium.
922 2492 1040 2525 Nullus
1067 2493 1099 2525 in
1128 2492 1189 2524 hoc
1215 2494 1347 2527 veritus.
