1654 2756
702 134 963 171 —106—

611 229 674 261 104.
710 229 750 260 Do
770 228 870 261 Beata
891 227 993 260 Maria
1015 228 1050 261 V.

170 313 229 345 la.
258 311 353 343 Casta
379 315 494 350 mater,
521 311 612 352 virgo
637 311 710 353 Dei,

256 359 363 391 Decus
389 360 511 401 mundi,
540 359 591 391 lux
623 359 698 398 diei,

303 409 500 448 Angelorum
527 407 646 449 gloria3

165 490 226 522 za.
254 490 324 522 Deo
350 490 435 530 patri
462 489 624 529 placuisti,

255 537 337 568 Dum
366 538 518 570 ancillam
545 541 577 568 te
602 538 737 574 dixisti„

307 586 403 627 Virgo
431 586 692 618 clementissima.

166 669 225 701 33.
252 668 372 707 Regem
401 677 508 708 regum
537 672 570 698 tu
597 668 737 709 lactasti,

251 716 314 748 Hic
341 720 373 748 te
401 715 489 755 fecit,
517 724 608 755 quem
638 715 775 756 portasti

300 764 378 796 Tuis
405 765 436 795 in
465 764 652 797 visceribus.

163 848 221 878 4a.
252 846 364 877 Fidem
393 847 460 877 sola
488 846 696 885 conservasti,

249 894 453 928 Morientem,
484 903 575 933 quem
603 894 752 934 portasti,

298 941 382 973 Dum
409 942 531 981 vidisti⁷
560 942 685 981 Marias,

164 1027 223 1056 5a.
253 1024 362 1065 Yirgo,
389 1029 493 1056 mater
520 1024 662 1063 pietatis,

250 1072 364 1104 Fidem
393 1077 522 1104 sanctae
549 1073 703 1104 trinitatis

300 1120 335 1150 ln
363 1121 456 1151 nobis
483 1121 665 1159 corrobora⁷

869 310 926 344 lb.
955 311 1054 343 Porta
1079 314 1206 351 patens,
1233 299 1307 343 nula
1334 309 1426 349 caeli,

953 359 1041 399 Quae
1066 359 1156 391 fideli
1175 358 1321 392 Gabrieli

1002 406 1181 440 credidisti
1207 408 1330 440 nuntia.

863 489 925 525 2b.
953 489 1153 523 Salvatorem
1181 489 1369 530 concepisti,

951 538 995 569 Et
1020 538 1141 570 intacta
1168 538 1386 578 permansisti,

1001 586 1099 627 Virgo
1126 585 1390 626 prudentissima.

862 667 922 702 3b.
951 668 1042 700 Inter
1067 677 1178 699 omnes
1205 667 1411 706 collaudaris,

950 713 1194 756 Benedictaque
1220 716 1346 748 vocaris

998 763 1046 796 Tu
1070 764 1103 795 in
1130 763 1329 797 mulieribus,

861 845 921 879 4b.
948 845 1174 885 Temporalem
1201 845 1364 884 pertulisti

947 893 1098 930 Mortem,
1127 893 1229 933 virgo,
1259 894 1333 924 dum
1361 892 1473 924 vidisti

996 940 1125 973 Vexilla
1149 939 1282 980 regalia.

860 1024 919 1057 5b.
948 1023 997 1055 Ne
1024 1032 1083 1064 per
1109 1032 1222 1054 sensus
1248 1023 1415 1055 naturales

948 1072 1073 1103 Inimici
1097 1071 1264 1111 spiritales

997 1119 1116 1151 Nostra
1144 1123 1292 1158 premant
1319 1122 1462 1158 pectora.

232 1199 313 1227 Orat.
337 1203 365 1226 et
387 1200 524 1235 Sequent.
548 1209 599 1226 nis.
623 1202 786 1235 Campense
813 1202 883 1227 anni
908 1198 990 1227 1462.
1032 1200 1101 1227 Cod.
1126 1200 1345 1227 Darmstadien.
1368 1198 1433 1226 521.
1456 1214 1493 1220 —-

153 1237 206 1272 sb,
226 1237 238 1265 1
263 1241 330 1273 post
352 1248 463 1265 sensns.
489 1255 522 1258 —
545 1237 598 1267 5b.
623 1238 640 1265 3
661 1242 797 1274 premant
817 1242 948 1275 peccata.
971 1254 1007 1258 —-
1029 1234 1234 1267 Uberschrift:
1261 1238 1400 1273 „Prosa“.

607 1333 666 1364 105.
701 1332 743 1363 De
766 1333 864 1364 Beata
886 1331 987 1363 Maria
1009 1332 1044 1363 V.

163 1414 179 1445 1
195 1422 224 1445 a.
251 1413 340 1444 Laus
365 1417 412 1444 est
439 1413 531 1444 aulae
559 1414 734 1453 virginalis,

249 1460 340 1499 Quod
369 1462 518 1492 maiestas
545 1461 605 1493 hac
632 1462 749 1501 regalis

301 1508 460 1550 Dignatur
488 1511 703 1547 descendere3

159 1592 219 1625 211.
245 1591 329 1622 Aula
355 1596 459 1622 mater
485 1596 533 1622 est
558 1591 692 1630 intacta,

251 1639 338 1670 Sicut
366 1639 520 1678 templum
548 1637 739 1680 fabrefacta,

297 1688 364 1725 Quo
392 1697 452 1718 non
480 1691 572 1718 sonat
600 1689 751 1729 malleus3

163 1771 181 1802 3
194 1779 222 1802 a.
251 1769 353 1800 Terra
372 1778 508 1808 namque
528 1769 617 1802 dedit
636 1769 787 1810 fructum,

250 1817 313 1849 Coi·
335 1816 513 1855 confirmat,
542 1818 638 1850 solvit
655 1819 787 1858 luctum,

296 1865 418 1898 Reddit
445 1864 567 1896 fructus
594 1867 755 1906 gaudium.

160 1951 220 1981 4a.
249 1950 276 1979 A
304 1946 412 1979 fructu
438 1947 549 1987 tritici,

298 1996 363 2028 vini
391 2000 421 2027 et
449 1996 511 2027 olei

246 2044 466 2085 Multiplicata
493 2047 542 2075 est

294 2102 366 2124 narn
394 2094 496 2125 virtus
521 2091 618 2134 fidei3

160 2176 220 2206 5a.
250 2176 324 2214 Ipse
351 2184 496 2215 granum,
523 2175 593 2214 ipsc
619 2175 722 2217 panis,

250 2223 371 2262 Liquor
398 2228 428 2254 et
455 2234 519 2254 nux
546 2233 609 2256 non
635 2224 749 2264 inanis,

296 2272 371 2311 Ipse
397 2273 484 2304 solus
510 2273 627 2312 omnia,
704 2268 707 2271 ’

157 2355 216 2386 6ει.
248 2354 339 2385 Hanc
364 2353 423 2386 flos
449 2358 542 2385 ornat
569 2354 739 2394 castitatis,

247 2403 444 2441 Angelorum
471 2403 623 2443 puritatis

297 2450 441 2492 Cognata
467 2451 652 2491 virginitas3

863 1413 924 1446 lb.
952 1413 1040 1452 Opus
1067 1413 1146 1444 haec
1175 1417 1224 1444 est
1250 1414 1417 1455 trinitatis,

949 1461 1057 1493 Solum
1086 1461 1210 1492 cunctis
1237 1463 1323 1503 quod
1350 1462 1454 1494 beatis

998 1509 1059 1541 Dat
1088 1510 1180 1542 beate
1208 1510 1328 1544 vivere.

859 1591 918 1625 2b.
948 1591 998 1623 Ibi
1024 1595 1199 1633 sceptrum,
1227 1601 1296 1631 rex,
1324 1601 1454 1634 corona,

948 1640 1041 1670 Vitae
1069 1642 1163 1679 panis
1190 1644 1220 1670 ct
1248 1651 1375 1672 annona

995 1687 1179 1728 Liquorque
1207 1694 1388 1721 nectareuS.

858 1769 917 1802 3b.
946 1770 1017 1802 Hoc
1042 1769 1159 1810 figurat
1185 1771 1272 1803 Ruth
1298 1773 1331 1803 in
1360 1781 1473 1811 messe,

946 1817 1067 1858 Cale-ph
1095 1819 1200 1857 botro,
1230 1820 1321 1861 virga
1347 1821 1446 1860 Iesse,

994 1865 1158 1907 Nucisque
1186 1869 1388 1907 mysterium.

856 1949 918 1981 4b.
948 1949 1045 1988 Regis
1071 1950 1264 1990 praedivitis

994 2002 1068 2030 sunt
1094 1998 1173 2030 haec
1201 1999 1347 2041 donaria,

943 2045 1003 2084 Qui
1032 2051 1163 2078 nostrae
1190 2057 1265 2080 usus
1293 2054 1341 2080 est

993 2095 1100 2126 earnis
1127 2096 1320 2130 substantia.

857 2175 916 2209 5b.
944 2176 1012 2213 Quo
1038 2175 1160 2208 referta
1188 2176 1250 2210 fnit
1277 2180 1369 2221 cella,

945 2223 1005 2254 Dei
1034 2228 1147 2263 mater,
1175 2227 1274 2258 maris
1301 2228 1408 2268 stella,

992 2272 1100 2304 Mater
1126 2274 1223 2313 plena
1248 2277 1364 2316 gratia.

856 2354 915 2387 fib.
944 2355 981 2387 In
1009 2364 1071 2395 qua
1098 2364 1149 2386 res
1177 2359 1225 2387 est
1251 2359 1393 2398 gratiosa

943 2403 1049 2444 Mitis,
1077 2403 1181 2435 dulcis
1209 2408 1238 2435 et
1267 2406 1387 2447 iocosa,

993 2452 1072 2484 Tam
1109 2456 1205 2493 typus
1234 2463 1327 2494 quam
1356 2458 1487 2494 veritas.
