<?xml version="1.0" encoding="UTF-8"?>
<!DOCTYPE html PUBLIC "-//W3C//DTD XHTML 1.0 Transitional//EN"
    "http://www.w3.org/TR/xhtml1/DTD/xhtml1-transitional.dtd">
<html xmlns="http://www.w3.org/1999/xhtml" xml:lang="en" lang="en">
 <head>
  <title>
</title>
<meta http-equiv="Content-Type" content="text/html;charset=utf-8" />
  <meta name='ocr-system' content='tesseract 3.04.00' />
  <meta name='ocr-capabilities' content='ocr_page ocr_carea ocr_par ocr_line ocrx_word'/>
</head>
<body>
  <div class='ocr_page' id='page_1' title='image "./analectahymnica42drevuoft_0127.png"; bbox 0 0 1654 2756; ppageno 0'>
   <div class='ocr_carea' id='block_1_1' title="bbox 684 129 944 164">
    <p class='ocr_par' dir='ltr' id='par_1_1' title="bbox 684 129 944 164">
     <span class='ocr_line' id='line_1_1' title="bbox 684 129 944 164; baseline -0.004 0"><span class='ocrx_word' id='word_1_1' title='bbox 684 129 944 164; x_wconf 88' lang='lat'>—124—</span> 
     </span>
    </p>
   </div>
   <div class='ocr_carea' id='block_1_2' title="bbox 147 226 695 267">
    <p class='ocr_par' dir='ltr' id='par_1_2' title="bbox 147 226 695 267">
     <span class='ocr_line' id='line_1_2' title="bbox 147 226 695 267; baseline -0.002 -9"><span class='ocrx_word' id='word_1_2' title='bbox 147 227 211 259; x_wconf 79' lang='lat' dir='ltr'><strong>4a.</strong></span> <span class='ocrx_word' id='word_1_3' title='bbox 238 226 295 265; x_wconf 87' lang='lat' dir='ltr'><strong>Tu,</strong></span> <span class='ocrx_word' id='word_1_4' title='bbox 323 235 405 266; x_wconf 84' lang='lat' dir='ltr'><strong>quae</strong></span> <span class='ocrx_word' id='word_1_5' title='bbox 432 226 490 258; x_wconf 87' lang='lat' dir='ltr'><strong>das</strong></span> <span class='ocrx_word' id='word_1_6' title='bbox 517 226 550 258; x_wconf 87' lang='lat' dir='ltr'><strong>in</strong></span> <span class='ocrx_word' id='word_1_7' title='bbox 576 226 695 267; x_wconf 83' lang='lat' dir='ltr'><strong>patria,</strong></span> 
     </span>
    </p>
   </div>
   <div class='ocr_carea' id='block_1_3' title="bbox 133 829 193 857">
    <p class='ocr_par' dir='ltr' id='par_1_3' title="bbox 133 829 193 857">
     <span class='ocr_line' id='line_1_3' title="bbox 133 829 193 857; baseline 0.033 -2"><span class='ocrx_word' id='word_1_8' title='bbox 133 829 193 857; x_wconf 82' lang='grc' dir='ltr'><strong>ΑΒ.</strong></span> 
     </span>
    </p>
   </div>
   <div class='ocr_carea' id='block_1_4' title="bbox 140 1116 199 1147">
    <p class='ocr_par' dir='ltr' id='par_1_4' title="bbox 140 1116 199 1147">
     <span class='ocr_line' id='line_1_4' title="bbox 140 1116 199 1147; baseline 0.017 -1"><span class='ocrx_word' id='word_1_9' title='bbox 140 1116 199 1147; x_wconf 85' lang='lat' dir='ltr'><strong>2a.</strong></span> 
     </span>
    </p>
   </div>
   <div class='ocr_carea' id='block_1_5' title="bbox 142 1255 202 1288">
    <p class='ocr_par' dir='ltr' id='par_1_5' title="bbox 142 1255 202 1288">
     <span class='ocr_line' id='line_1_5' title="bbox 142 1255 202 1288; baseline 0.033 -2"><span class='ocrx_word' id='word_1_10' title='bbox 142 1255 202 1288; x_wconf 73' lang='lat'><strong>32.</strong></span> 
     </span>
    </p>
   </div>
   <div class='ocr_carea' id='block_1_6' title="bbox 137 1540 194 1570">
    <p class='ocr_par' dir='ltr' id='par_1_6' title="bbox 137 1540 194 1570">
     <span class='ocr_line' id='line_1_6' title="bbox 137 1540 194 1570; baseline -0.018 0"><span class='ocrx_word' id='word_1_11' title='bbox 137 1540 194 1570; x_wconf 86' lang='lat' dir='ltr'><strong>4a.</strong></span> 
     </span>
    </p>
   </div>
   <div class='ocr_carea' id='block_1_7' title="bbox 140 1726 200 1757">
    <p class='ocr_par' dir='ltr' id='par_1_7' title="bbox 140 1726 200 1757">
     <span class='ocr_line' id='line_1_7' title="bbox 140 1726 200 1757; baseline 0.017 -1"><span class='ocrx_word' id='word_1_12' title='bbox 140 1726 200 1757; x_wconf 84' lang='lat' dir='ltr'><strong>5a.</strong></span> 
     </span>
    </p>
   </div>
   <div class='ocr_carea' id='block_1_8' title="bbox 137 2010 194 2041">
    <p class='ocr_par' dir='ltr' id='par_1_8' title="bbox 137 2010 194 2041">
     <span class='ocr_line' id='line_1_8' title="bbox 137 2010 194 2041; baseline -0.018 0"><span class='ocrx_word' id='word_1_13' title='bbox 137 2010 194 2041; x_wconf 75' lang='lat' dir='ltr'><strong>Ga.</strong></span> 
     </span>
    </p>
   </div>
   <div class='ocr_carea' id='block_1_9' title="bbox 142 2197 198 2231">
    <p class='ocr_par' dir='ltr' id='par_1_9' title="bbox 142 2197 198 2231">
     <span class='ocr_line' id='line_1_9' title="bbox 142 2197 198 2231; baseline 0.036 -2"><span class='ocrx_word' id='word_1_14' title='bbox 142 2197 198 2231; x_wconf 84' lang='lat' dir='ltr'><strong>7a.</strong></span> 
     </span>
    </p>
   </div>
   <div class='ocr_carea' id='block_1_10' title="bbox 140 2387 189 2419">
    <p class='ocr_par' dir='ltr' id='par_1_10' title="bbox 140 2387 189 2419">
     <span class='ocr_line' id='line_1_10' title="bbox 140 2387 189 2419; baseline -0.02 0"><span class='ocrx_word' id='word_1_15' title='bbox 140 2387 189 2419; x_wconf 88' lang='lat' dir='ltr'><strong>8a</strong></span> 
     </span>
    </p>
   </div>
   <div class='ocr_carea' id='block_1_11' title="bbox 236 273 702 364">
    <p class='ocr_par' dir='ltr' id='par_1_11' title="bbox 236 273 702 364">
     <span class='ocr_line' id='line_1_11' title="bbox 236 273 702 313; baseline 0.002 -8"><span class='ocrx_word' id='word_1_16' title='bbox 236 274 336 313; x_wconf 88' lang='lat' dir='ltr'><strong>Quem</strong></span> <span class='ocrx_word' id='word_1_17' title='bbox 363 275 445 307; x_wconf 85' lang='lat' dir='ltr'><strong>caeli</strong></span> <span class='ocrx_word' id='word_1_18' title='bbox 471 278 583 306; x_wconf 84' lang='lat' dir='ltr'><strong>tenent</strong></span> <span class='ocrx_word' id='word_1_19' title='bbox 608 273 702 312; x_wconf 87' lang='lat' dir='ltr'><strong>atria,</strong></span> 
     </span>
     <span class='ocr_line' id='line_1_12' title="bbox 281 322 592 364; baseline 0.003 -10"><span class='ocrx_word' id='word_1_20' title='bbox 281 322 402 364; x_wconf 74' lang='lat' dir='ltr'><strong>Remis,</strong></span> <span class='ocrx_word' id='word_1_21' title='bbox 430 332 448 354; x_wconf 94' lang='lat'>0</span> <span class='ocrx_word' id='word_1_22' title='bbox 474 322 592 362; x_wconf 84' lang='lat' dir='ltr'><strong>Maria,</strong></span> 
     </span>
    </p>
   </div>
   <div class='ocr_carea' id='block_1_12' title="bbox 543 412 902 455">
    <p class='ocr_par' dir='ltr' id='par_1_12' title="bbox 543 412 902 455">
     <span class='ocr_line' id='line_1_13' title="bbox 543 412 902 455; baseline -0.003 -9"><span class='ocrx_word' id='word_1_23' title='bbox 543 415 575 446; x_wconf 84' lang='lat'><strong>5.</strong></span> <span class='ocrx_word' id='word_1_24' title='bbox 595 412 714 455; x_wconf 82' lang='lat' dir='ltr'><strong>Maria,</strong></span> <span class='ocrx_word' id='word_1_25' title='bbox 741 413 821 445; x_wconf 88' lang='lat' dir='ltr'><strong>caeli</strong></span> <span class='ocrx_word' id='word_1_26' title='bbox 847 413 902 453; x_wconf 88' lang='lat' dir='ltr'><strong>pia</strong></span> 
     </span>
    </p>
   </div>
   <div class='ocr_carea' id='block_1_13' title="bbox 843 225 1358 263">
    <p class='ocr_par' dir='ltr' id='par_1_13' title="bbox 843 225 1358 263">
     <span class='ocr_line' id='line_1_14' title="bbox 843 225 1358 263; baseline -0.002 -4"><span class='ocrx_word' id='word_1_27' title='bbox 843 226 904 259; x_wconf 84' lang='lat' dir='ltr'><strong>4b.</strong></span> <span class='ocrx_word' id='word_1_28' title='bbox 933 226 981 259; x_wconf 84' lang='lat' dir='ltr'><strong>Tu</strong></span> <span class='ocrx_word' id='word_1_29' title='bbox 1007 235 1065 259; x_wconf 83' lang='lat' dir='ltr'><strong>nos</strong></span> <span class='ocrx_word' id='word_1_30' title='bbox 1089 226 1132 258; x_wconf 83' lang='lat' dir='ltr'><strong>ad</strong></span> <span class='ocrx_word' id='word_1_31' title='bbox 1158 227 1238 260; x_wconf 81' lang='lat' dir='ltr'><strong>haec</strong></span> <span class='ocrx_word' id='word_1_32' title='bbox 1263 225 1358 263; x_wconf 78' lang='lat' dir='ltr'><strong>atria,</strong></span> 
     </span>
    </p>
   </div>
   <div class='ocr_carea' id='block_1_14' title="bbox 934 273 1402 366">
    <p class='ocr_par' dir='ltr' id='par_1_14' title="bbox 934 273 1402 366">
     <span class='ocr_line' id='line_1_15' title="bbox 934 273 1402 316; baseline -0.002 -10"><span class='ocrx_word' id='word_1_33' title='bbox 934 273 998 306; x_wconf 87' lang='lat' dir='ltr'><strong>Hic</strong></span> <span class='ocrx_word' id='word_1_34' title='bbox 1024 275 1116 306; x_wconf 80' lang='lat' dir='ltr'>deest</span> <span class='ocrx_word' id='word_1_35' title='bbox 1140 275 1257 316; x_wconf 89' lang='lat' dir='ltr'><strong>quibus</strong></span> <span class='ocrx_word' id='word_1_36' title='bbox 1283 273 1402 314; x_wconf 85' lang='lat' dir='ltr'><strong>patria,</strong></span> 
     </span>
     <span class='ocr_line' id='line_1_16' title="bbox 985 322 1384 366; baseline 0 -12"><span class='ocrx_word' id='word_1_37' title='bbox 985 323 1092 364; x_wconf 85' lang='lat' dir='ltr'><strong>Virgo,</strong></span> <span class='ocrx_word' id='word_1_38' title='bbox 1120 322 1192 366; x_wconf 83' lang='lat' dir='ltr'><strong>duc,</strong></span> <span class='ocrx_word' id='word_1_39' title='bbox 1220 333 1239 356; x_wconf 93' lang='lat' dir='ltr'><strong>o</strong></span> <span class='ocrx_word' id='word_1_40' title='bbox 1266 322 1384 355; x_wconf 80' lang='lat' dir='ltr'><strong>Maria.</strong></span> 
     </span>
    </p>
   </div>
   <div class='ocr_carea' id='block_1_15' title="bbox 597 461 969 552">
    <p class='ocr_par' dir='ltr' id='par_1_15' title="bbox 597 461 969 552">
     <span class='ocr_line' id='line_1_17' title="bbox 600 461 929 503; baseline -0.003 -9"><span class='ocrx_word' id='word_1_41' title='bbox 600 462 717 494; x_wconf 87' lang='lat' dir='ltr'><strong>Portus</strong></span> <span class='ocrx_word' id='word_1_42' title='bbox 743 466 839 502; x_wconf 88' lang='lat' dir='ltr'><strong>atque</strong></span> <span class='ocrx_word' id='word_1_43' title='bbox 867 461 929 503; x_wconf 93' lang='lat' dir='ltr'><strong>via,</strong></span> 
     </span>
     <span class='ocr_line' id='line_1_18' title="bbox 597 509 969 552; baseline 0 -10"><span class='ocrx_word' id='word_1_44' title='bbox 597 509 686 542; x_wconf 88' lang='lat' dir='ltr'><strong>Audi</strong></span> <span class='ocrx_word' id='word_1_45' title='bbox 711 518 778 552; x_wconf 87' lang='lat' dir='ltr'><strong>nos,</strong></span> <span class='ocrx_word' id='word_1_46' title='bbox 807 519 826 542; x_wconf 92' lang='grc' dir='ltr'><strong>ο</strong></span> <span class='ocrx_word' id='word_1_47' title='bbox 852 509 969 542; x_wconf 90' lang='lat' dir='ltr'><strong>Maria.</strong></span> 
     </span>
    </p>
   </div>
   <div class='ocr_carea' id='block_1_16' title="bbox 132 597 1475 827">
    <p class='ocr_par' dir='ltr' id='par_1_16' title="bbox 132 597 1475 827">
     <span class='ocr_line' id='line_1_19' title="bbox 214 597 1475 635; baseline -0.001 -9"><span class='ocrx_word' id='word_1_48' title='bbox 214 599 298 626; x_wconf 83' lang='lat' dir='ltr'><strong>Miss.</strong></span> <span class='ocrx_word' id='word_1_49' title='bbox 322 608 374 626; x_wconf 89' lang='lat' dir='ltr'><strong>ms.</strong></span> <span class='ocrx_word' id='word_1_50' title='bbox 397 599 567 627; x_wconf 79' lang='lat' dir='ltr'><strong>Wenceslai</strong></span> <span class='ocrx_word' id='word_1_51' title='bbox 588 599 624 627; x_wconf 86' lang='lat' dir='ltr'><strong>de</strong></span> <span class='ocrx_word' id='word_1_52' title='bbox 638 599 756 627; x_wconf 86' lang='lat' dir='ltr'><strong>Radecz</strong></span> <span class='ocrx_word' id='word_1_53' title='bbox 770 601 930 635; x_wconf 80' lang='lat' dir='ltr'><strong>Pragensis</strong></span> <span class='ocrx_word' id='word_1_54' title='bbox 952 609 1029 627; x_wconf 84' lang='lat' dir='ltr'><strong>saec.</strong></span> <span class='ocrx_word' id='word_1_55' title='bbox 1068 598 1111 626; x_wconf 84' lang='lat'><strong>15.</strong></span> <span class='ocrx_word' id='word_1_56' title='bbox 1143 600 1213 628; x_wconf 88' lang='lat' dir='ltr'><strong>Cod.</strong></span> <span class='ocrx_word' id='word_1_57' title='bbox 1236 598 1333 635; x_wconf 86' lang='lat' dir='ltr'>Capit.</span> <span class='ocrx_word' id='word_1_58' title='bbox 1348 597 1475 634; x_wconf 82' lang='lat' dir='ltr'><strong>Pragen.</strong></span> 
     </span>
     <span class='ocr_line' id='line_1_20' title="bbox 134 635 1474 666; baseline -0.002 0"><span class='ocrx_word' id='word_1_59' title='bbox 134 637 158 664; x_wconf 87' lang='grc' dir='ltr'><em>Ρ</em></span> <span class='ocrx_word' id='word_1_60' title='bbox 173 637 198 664; x_wconf 88' lang='grc'><strong>5.</strong></span> <span class='ocrx_word' id='word_1_61' title='bbox 222 640 255 664; x_wconf 82' lang='grc' dir='ltr'><strong>Α.</strong></span> <span class='ocrx_word' id='word_1_62' title='bbox 277 652 309 657; x_wconf 89' lang='grc'>-</span> <span class='ocrx_word' id='word_1_63' title='bbox 332 638 422 666; x_wconf 80' lang='lat' dir='ltr'><strong>Grad.</strong></span> <span class='ocrx_word' id='word_1_64' title='bbox 444 647 496 665; x_wconf 85' lang='lat' dir='ltr'><strong>ms.</strong></span> <span class='ocrx_word' id='word_1_65' title='bbox 519 639 748 666; x_wconf 82' lang='lat' dir='ltr'><strong>Nerissaniense</strong></span> <span class='ocrx_word' id='word_1_66' title='bbox 770 639 843 666; x_wconf 89' lang='lat' dir='ltr'><strong>anni</strong></span> <span class='ocrx_word' id='word_1_67' title='bbox 867 637 950 666; x_wconf 87' lang='lat'>1511.</span> <span class='ocrx_word' id='word_1_68' title='bbox 985 639 1060 666; x_wconf 90' lang='lat' dir='ltr'><strong>Clm.</strong></span> <span class='ocrx_word' id='word_1_69' title='bbox 1081 638 1237 666; x_wconf 77' lang='lat' dir='ltr'><strong>Monacen.</strong></span> <span class='ocrx_word' id='word_1_70' title='bbox 1259 635 1372 666; x_wconf 83' lang='lat'>27020.</span> <span class='ocrx_word' id='word_1_71' title='bbox 1386 637 1419 665; x_wconf 90' lang='grc' dir='ltr'><strong>Β.</strong></span> <span class='ocrx_word' id='word_1_72' title='bbox 1435 650 1474 655; x_wconf 89' lang='grc'>-</span> 
     </span>
     <span class='ocr_line' id='line_1_21' title="bbox 137 674 1472 712; baseline -0.001 -9"><span class='ocrx_word' id='word_1_73' title='bbox 137 674 186 705; x_wconf 78' lang='lat' dir='ltr'><strong>la.</strong></span> <span class='ocrx_word' id='word_1_74' title='bbox 211 676 224 703; x_wconf 91' lang='lat'>1</span> <span class='ocrx_word' id='word_1_75' title='bbox 249 676 331 703; x_wconf 73' lang='lat' dir='ltr'><strong>Nach</strong></span> <span class='ocrx_word' id='word_1_76' title='bbox 362 677 419 704; x_wconf 84' lang='lat' dir='ltr'><strong>den</strong></span> <span class='ocrx_word' id='word_1_77' title='bbox 446 677 572 704; x_wconf 79' lang='lat' dir='ltr'><strong>Worten</strong></span> <span class='ocrx_word' id='word_1_78' title='bbox 601 678 715 712; x_wconf 82' lang='lat' dir='ltr'><strong>„Maria</strong></span> <span class='ocrx_word' id='word_1_79' title='bbox 736 675 834 704; x_wconf 83' lang='lat' dir='ltr'><strong>Iesse“</strong></span> <span class='ocrx_word' id='word_1_80' title='bbox 865 677 905 703; x_wconf 82' lang='lat' dir='ltr'><strong>ist</strong></span> <span class='ocrx_word' id='word_1_81' title='bbox 931 677 1023 704; x_wconf 85' lang='lat' dir='ltr'>durch</span> <span class='ocrx_word' id='word_1_82' title='bbox 1044 677 1198 704; x_wconf 83' lang='lat' dir='ltr'><strong>Vei-seben</strong></span> <span class='ocrx_word' id='word_1_83' title='bbox 1224 676 1276 704; x_wconf 87' lang='lat' dir='ltr'><strong>des</strong></span> <span class='ocrx_word' id='word_1_84' title='bbox 1298 675 1472 704; x_wconf 79' lang='lat' dir='ltr'><strong>Schreibers</strong></span> 
     </span>
     <span class='ocr_line' id='line_1_22' title="bbox 133 713 1469 750; baseline -0.001 -8"><span class='ocrx_word' id='word_1_85' title='bbox 133 713 185 742; x_wconf 85' lang='lat' dir='ltr'><strong>der</strong></span> <span class='ocrx_word' id='word_1_86' title='bbox 207 714 323 742; x_wconf 84' lang='lat' dir='ltr'><strong>Schluss</strong></span> <span class='ocrx_word' id='word_1_87' title='bbox 345 715 396 743; x_wconf 87' lang='lat' dir='ltr'><strong>der</strong></span> <span class='ocrx_word' id='word_1_88' title='bbox 414 716 548 749; x_wconf 85' lang='lat' dir='ltr'><strong>Sequenz</strong></span> <span class='ocrx_word' id='word_1_89' title='bbox 566 715 812 749; x_wconf 84' lang='lat' dir='ltr'><strong>„Laetabundus“</strong></span> <span class='ocrx_word' id='word_1_90' title='bbox 838 715 1065 750; x_wconf 82' lang='lat' dir='ltr'><strong>eingesehoben,</strong></span> <span class='ocrx_word' id='word_1_91' title='bbox 1087 715 1232 743; x_wconf 70' lang='lat' dir='ltr'><strong>namlich:</strong></span> <span class='ocrx_word' id='word_1_92' title='bbox 1254 715 1341 742; x_wconf 85' lang='lat' dir='ltr'><strong>docet</strong></span> <span class='ocrx_word' id='word_1_93' title='bbox 1361 715 1449 742; x_wconf 82' lang='lat' dir='ltr'><strong>litera</strong></span> <span class='ocrx_word' id='word_1_94' title='bbox 1468 715 1469 747; x_wconf 55' lang='lat'>1</span> 
     </span>
     <span class='ocr_line' id='line_1_23' title="bbox 133 751 1473 790; baseline 0 -11"><span class='ocrx_word' id='word_1_95' title='bbox 133 753 236 788; x_wconf 82' lang='lat' dir='ltr'><strong>Ipsum</strong></span> <span class='ocrx_word' id='word_1_96' title='bbox 263 754 367 789; x_wconf 85' lang='lat' dir='ltr'><strong>genuit</strong></span> <span class='ocrx_word' id='word_1_97' title='bbox 392 762 547 790; x_wconf 77' lang='lat' dir='ltr'>puerpera.</span> <span class='ocrx_word' id='word_1_98' title='bbox 571 755 602 781; x_wconf 89' lang='lat' dir='ltr'><strong>B.</strong></span> <span class='ocrx_word' id='word_1_99' title='bbox 624 768 660 772; x_wconf 96' lang='lat'><strong>—</strong></span> <span class='ocrx_word' id='word_1_100' title='bbox 683 752 734 785; x_wconf 84' lang='lat' dir='ltr'><strong>2a,</strong></span> <span class='ocrx_word' id='word_1_101' title='bbox 757 752 774 780; x_wconf 98' lang='grc'>2</span> <span class='ocrx_word' id='word_1_102' title='bbox 796 763 824 781; x_wconf 94' lang='lat' dir='ltr'><strong>u.</strong></span> <span class='ocrx_word' id='word_1_103' title='bbox 845 752 863 780; x_wconf 83' lang='lat'><strong>3</strong></span> <span class='ocrx_word' id='word_1_104' title='bbox 884 753 1055 790; x_wconf 82' lang='lat' dir='ltr'><strong>umgestellt</strong></span> <span class='ocrx_word' id='word_1_105' title='bbox 1075 754 1108 780; x_wconf 90' lang='lat' dir='ltr'><strong>B.</strong></span> <span class='ocrx_word' id='word_1_106' title='bbox 1132 769 1166 773; x_wconf 94' lang='lat'>—</span> <span class='ocrx_word' id='word_1_107' title='bbox 1189 752 1235 786; x_wconf 85' lang='lat' dir='ltr'><strong>2a,</strong></span> <span class='ocrx_word' id='word_1_108' title='bbox 1258 751 1276 780; x_wconf 85' lang='lat'><strong>2</strong></span> <span class='ocrx_word' id='word_1_109' title='bbox 1297 753 1375 781; x_wconf 83' lang='lat' dir='ltr'><strong>Nam</strong></span> <span class='ocrx_word' id='word_1_110' title='bbox 1398 752 1473 780; x_wconf 85' lang='lat' dir='ltr'><strong>fehlt</strong></span> 
     </span>
     <span class='ocr_line' id='line_1_24' title="bbox 132 790 1473 827; baseline 0.001 -10"><span class='ocrx_word' id='word_1_111' title='bbox 132 791 193 819; x_wconf 87' lang='lat' dir='ltr'><strong>AB.</strong></span> <span class='ocrx_word' id='word_1_112' title='bbox 215 808 252 811; x_wconf 85' lang='lat'><strong>—</strong></span> <span class='ocrx_word' id='word_1_113' title='bbox 282 790 332 823; x_wconf 77' lang='lat' dir='ltr'><strong>3a,</strong></span> <span class='ocrx_word' id='word_1_114' title='bbox 355 792 372 819; x_wconf 82' lang='lat'>2</span> <span class='ocrx_word' id='word_1_115' title='bbox 400 793 465 819; x_wconf 88' lang='lat' dir='ltr'><strong>Tua</strong></span> <span class='ocrx_word' id='word_1_116' title='bbox 486 792 517 818; x_wconf 65' lang='lat' dir='ltr'><strong>B⁴</strong></span> <span class='ocrx_word' id='word_1_117' title='bbox 545 806 575 811; x_wconf 83' lang='lat'><strong>—-</strong></span> <span class='ocrx_word' id='word_1_118' title='bbox 605 791 656 822; x_wconf 82' lang='lat' dir='ltr'><strong>4a,</strong></span> <span class='ocrx_word' id='word_1_119' title='bbox 682 791 694 818; x_wconf 93' lang='lat'>1</span> <span class='ocrx_word' id='word_1_120' title='bbox 725 801 800 827; x_wconf 89' lang='lat' dir='ltr'><strong>quae</strong></span> <span class='ocrx_word' id='word_1_121' title='bbox 831 792 897 819; x_wconf 87' lang='lat' dir='ltr'><strong>lilia</strong></span> <span class='ocrx_word' id='word_1_122' title='bbox 923 791 976 819; x_wconf 76' lang='lat' dir='ltr'><strong>das</strong></span> <span class='ocrx_word' id='word_1_123' title='bbox 999 793 1032 819; x_wconf 81' lang='lat' dir='ltr'><strong>A.</strong></span> <span class='ocrx_word' id='word_1_124' title='bbox 1055 808 1091 812; x_wconf 90' lang='lat'><strong>—</strong></span> <span class='ocrx_word' id='word_1_125' title='bbox 1119 790 1173 824; x_wconf 72' lang='lat' dir='ltr'><strong>4b.</strong></span> <span class='ocrx_word' id='word_1_126' title='bbox 1194 791 1212 819; x_wconf 83' lang='lat'>2</span> <span class='ocrx_word' id='word_1_127' title='bbox 1233 791 1316 819; x_wconf 87' lang='lat' dir='ltr'><strong>deest</strong></span> <span class='ocrx_word' id='word_1_128' title='bbox 1336 792 1423 819; x_wconf 84' lang='lat' dir='ltr'><strong>nobis</strong></span> <span class='ocrx_word' id='word_1_129' title='bbox 1446 800 1473 827; x_wconf 87' lang='lat' dir='ltr'><strong>p.</strong></span> 
     </span>
    </p>
   </div>
   <div class='ocr_carea' id='block_1_17' title="bbox 216 828 527 861">
    <p class='ocr_par' dir='ltr' id='par_1_17' title="bbox 216 828 527 861">
     <span class='ocr_line' id='line_1_25' title="bbox 216 828 527 861; baseline -0.003 -4"><span class='ocrx_word' id='word_1_130' title='bbox 216 845 249 848; x_wconf 97' lang='lat'><strong>—</strong></span> <span class='ocrx_word' id='word_1_131' title='bbox 274 829 300 861; x_wconf 84' lang='grc'><strong>5,</strong></span> <span class='ocrx_word' id='word_1_132' title='bbox 322 828 341 857; x_wconf 89' lang='grc'><strong>3</strong></span> <span class='ocrx_word' id='word_1_133' title='bbox 362 840 378 858; x_wconf 94' lang='lat' dir='ltr'><strong>o</strong></span> <span class='ocrx_word' id='word_1_134' title='bbox 401 830 475 857; x_wconf 83' lang='lat' dir='ltr'><strong>fehlt</strong></span> <span class='ocrx_word' id='word_1_135' title='bbox 496 831 527 857; x_wconf 89' lang='lat' dir='ltr'><strong>B.</strong></span> 
     </span>
    </p>
   </div>
   <div class='ocr_carea' id='block_1_18' title="bbox 578 931 1013 965">
    <p class='ocr_par' dir='ltr' id='par_1_18' title="bbox 578 931 1013 965">
     <span class='ocr_line' id='line_1_26' title="bbox 578 931 1013 965; baseline -0.002 -1"><span class='ocrx_word' id='word_1_136' title='bbox 578 933 639 964; x_wconf 80' lang='lat'>129.</span> <span class='ocrx_word' id='word_1_137' title='bbox 672 932 713 964; x_wconf 85' lang='lat' dir='ltr'><strong>De</strong></span> <span class='ocrx_word' id='word_1_138' title='bbox 734 932 832 965; x_wconf 79' lang='lat' dir='ltr'><strong>Beata</strong></span> <span class='ocrx_word' id='word_1_139' title='bbox 854 931 956 964; x_wconf 80' lang='lat' dir='ltr'><strong>Maria</strong></span> <span class='ocrx_word' id='word_1_140' title='bbox 977 932 1013 964; x_wconf 88' lang='lat' dir='ltr'><strong>V.</strong></span> 
     </span>
    </p>
   </div>
   <div class='ocr_carea' id='block_1_19' title="bbox 461 1022 1134 1064">
    <p class='ocr_par' dir='ltr' id='par_1_19' title="bbox 461 1022 1134 1064">
     <span class='ocr_line' id='line_1_27' title="bbox 461 1022 1134 1064; baseline -0.003 -8"><span class='ocrx_word' id='word_1_141' title='bbox 461 1025 491 1056; x_wconf 93' lang='lat'><strong>1.</strong></span> <span class='ocrx_word' id='word_1_142' title='bbox 520 1023 639 1056; x_wconf 90' lang='lat' dir='ltr'><strong>Sancta</strong></span> <span class='ocrx_word' id='word_1_143' title='bbox 665 1024 812 1064; x_wconf 83' lang='lat' dir='ltr'><strong>genetrix</strong></span> <span class='ocrx_word' id='word_1_144' title='bbox 840 1023 961 1056; x_wconf 84' lang='lat' dir='ltr'>Christi</span> <span class='ocrx_word' id='word_1_145' title='bbox 989 1022 1134 1062; x_wconf 81' lang='lat' dir='ltr'><strong>victoris,</strong></span> 
     </span>
    </p>
   </div>
   <div class='ocr_carea' id='block_1_20' title="bbox 228 1115 697 1203">
    <p class='ocr_par' dir='ltr' id='par_1_20' title="bbox 228 1115 697 1203">
     <span class='ocr_line' id='line_1_28' title="bbox 230 1115 630 1154; baseline 0.003 -9"><span class='ocrx_word' id='word_1_146' title='bbox 230 1115 388 1146; x_wconf 83' lang='lat' dir='ltr'><strong>Davidica</strong></span> <span class='ocrx_word' id='word_1_147' title='bbox 415 1115 517 1154; x_wconf 80' lang='lat' dir='ltr'><strong>stirpe</strong></span> <span class='ocrx_word' id='word_1_148' title='bbox 544 1119 630 1151; x_wconf 51' lang='lat' dir='ltr'><strong>nata,</strong></span> 
     </span>
     <span class='ocr_line' id='line_1_29' title="bbox 228 1162 697 1203; baseline -0.002 -9"><span class='ocrx_word' id='word_1_149' title='bbox 228 1162 379 1203; x_wconf 85' lang='lat' dir='ltr'><strong>precibus</strong></span> <span class='ocrx_word' id='word_1_150' title='bbox 405 1171 534 1202; x_wconf 88' lang='lat' dir='ltr'><strong>semper</strong></span> <span class='ocrx_word' id='word_1_151' title='bbox 560 1162 697 1194; x_wconf 90' lang='lat' dir='ltr'><strong>emunda</strong></span> 
     </span>
    </p>
   </div>
   <div class='ocr_carea' id='block_1_21' title="bbox 226 1255 742 1478">
    <p class='ocr_par' dir='ltr' id='par_1_21' title="bbox 227 1255 742 1334">
     <span class='ocr_line' id='line_1_30' title="bbox 232 1255 742 1293; baseline -0.004 -7"><span class='ocrx_word' id='word_1_152' title='bbox 232 1255 428 1286; x_wconf 87' lang='lat' dir='ltr'><strong>Praeconum</strong></span> <span class='ocrx_word' id='word_1_153' title='bbox 456 1258 500 1293; x_wconf 85' lang='lat' dir='ltr'><strong>te,</strong></span> <span class='ocrx_word' id='word_1_154' title='bbox 528 1255 742 1293; x_wconf 85' lang='lat' dir='ltr'><strong>sanctissima,</strong></span> 
     </span>
     <span class='ocr_line' id='line_1_31' title="bbox 227 1302 366 1334; baseline 0.007 -1"><span class='ocrx_word' id='word_1_155' title='bbox 227 1302 366 1334; x_wconf 89' lang='lat' dir='ltr'><strong>omnium</strong></span> 
     </span>
    </p>

    <p class='ocr_par' dir='ltr' id='par_1_22' title="bbox 226 1347 639 1439">
     <span class='ocr_line' id='line_1_32' title="bbox 228 1347 639 1390; baseline -0.002 -9"><span class='ocrx_word' id='word_1_156' title='bbox 228 1359 289 1381; x_wconf 82' lang='lat' dir='ltr'><strong>vox</strong></span> <span class='ocrx_word' id='word_1_157' title='bbox 317 1349 407 1382; x_wconf 81' lang='lat' dir='ltr'><strong>clara</strong></span> <span class='ocrx_word' id='word_1_158' title='bbox 433 1347 639 1390; x_wconf 53' lang='lat' dir='ltr'><strong>manifestam</strong></span> 
     </span>
     <span class='ocr_line' id='line_1_33' title="bbox 226 1398 433 1439; baseline 0 -9"><span class='ocrx_word' id='word_1_159' title='bbox 226 1398 433 1439; x_wconf 83' lang='lat' dir='ltr'>suspiramus,</span> 
     </span>
    </p>

    <p class='ocr_par' dir='ltr' id='par_1_23' title="bbox 226 1445 683 1478">
     <span class='ocr_line' id='line_1_34' title="bbox 226 1445 683 1478; baseline 0.002 -1"><span class='ocrx_word' id='word_1_160' title='bbox 226 1449 259 1477; x_wconf 91' lang='lat' dir='ltr'><strong>ut</strong></span> <span class='ocrx_word' id='word_1_161' title='bbox 286 1447 410 1478; x_wconf 87' lang='lat' dir='ltr'><strong>meritis</strong></span> <span class='ocrx_word' id='word_1_162' title='bbox 436 1446 500 1477; x_wconf 90' lang='lat' dir='ltr'><strong>tuis</strong></span> <span class='ocrx_word' id='word_1_163' title='bbox 526 1445 683 1478; x_wconf 89' lang='lat' dir='ltr'><strong>iuvemur.</strong></span> 
     </span>
    </p>
   </div>
   <div class='ocr_carea' id='block_1_22' title="bbox 224 1538 534 1674">
    <p class='ocr_par' dir='ltr' id='par_1_24' title="bbox 224 1538 534 1674">
     <span class='ocr_line' id='line_1_35' title="bbox 224 1538 534 1577; baseline -0.006 -7"><span class='ocrx_word' id='word_1_164' title='bbox 224 1538 267 1570; x_wconf 92' lang='lat' dir='ltr'><strong>Ut</strong></span> <span class='ocrx_word' id='word_1_165' title='bbox 295 1547 353 1577; x_wconf 89' lang='lat' dir='ltr'><strong>per</strong></span> <span class='ocrx_word' id='word_1_166' title='bbox 379 1542 411 1569; x_wconf 87' lang='lat' dir='ltr'><strong>te</strong></span> <span class='ocrx_word' id='word_1_167' title='bbox 438 1538 534 1569; x_wconf 87' lang='lat' dir='ltr'><strong>vitam</strong></span> 
     </span>
     <span class='ocr_line' id='line_1_36' title="bbox 227 1586 508 1626; baseline 0 -9"><span class='ocrx_word' id='word_1_168' title='bbox 227 1586 305 1617; x_wconf 81' lang='lat' dir='ltr'><strong>lucis</strong></span> <span class='ocrx_word' id='word_1_169' title='bbox 333 1591 363 1617; x_wconf 86' lang='lat' dir='ltr'><strong>et</strong></span> <span class='ocrx_word' id='word_1_170' title='bbox 391 1586 508 1626; x_wconf 85' lang='lat' dir='ltr'><strong>gaudia</strong></span> 
     </span>
     <span class='ocr_line' id='line_1_37' title="bbox 227 1643 456 1674; baseline 0 -9"><span class='ocrx_word' id='word_1_171' title='bbox 227 1643 456 1674; x_wconf 77' lang='lat' dir='ltr'><strong>permpmmus,</strong></span> 
     </span>
    </p>
   </div>
   <div class='ocr_carea' id='block_1_23' title="bbox 226 1724 649 1957">
    <p class='ocr_par' dir='ltr' id='par_1_25' title="bbox 226 1724 521 1806">
     <span class='ocr_line' id='line_1_38' title="bbox 227 1724 495 1763; baseline -0.007 -7"><span class='ocrx_word' id='word_1_172' title='bbox 227 1725 286 1761; x_wconf 81' lang='lat' dir='ltr'><strong>Tu,</strong></span> <span class='ocrx_word' id='word_1_173' title='bbox 314 1733 395 1763; x_wconf 87' lang='lat' dir='ltr'><strong>quae</strong></span> <span class='ocrx_word' id='word_1_174' title='bbox 421 1724 495 1755; x_wconf 81' lang='lat' dir='ltr'><strong>fidei</strong></span> 
     </span>
     <span class='ocr_line' id='line_1_39' title="bbox 226 1772 521 1806; baseline 0 -3"><span class='ocrx_word' id='word_1_175' title='bbox 226 1772 383 1804; x_wconf 81' lang='lat' dir='ltr'>ordinasti</span> <span class='ocrx_word' id='word_1_176' title='bbox 410 1773 521 1806; x_wconf 81' lang='lat' dir='ltr'><strong>aciem.</strong></span> 
     </span>
    </p>

    <p class='ocr_par' dir='ltr' id='par_1_26' title="bbox 226 1819 649 1957">
     <span class='ocr_line' id='line_1_40' title="bbox 228 1819 521 1852; baseline 0 -1"><span class='ocrx_word' id='word_1_177' title='bbox 228 1819 279 1852; x_wconf 86' lang='lat' dir='ltr'><strong>fac</strong></span> <span class='ocrx_word' id='word_1_178' title='bbox 306 1829 362 1852; x_wconf 83' lang='lat' dir='ltr'><strong>nos</strong></span> <span class='ocrx_word' id='word_1_179' title='bbox 389 1829 521 1851; x_wconf 87' lang='lat' dir='ltr'><strong>cernere</strong></span> 
     </span>
     <span class='ocr_line' id='line_1_41' title="bbox 226 1867 583 1908; baseline 0 -8"><span class='ocrx_word' id='word_1_180' title='bbox 226 1869 442 1908; x_wconf 83' lang='lat' dir='ltr'><strong>redemptoris</strong></span> <span class='ocrx_word' id='word_1_181' title='bbox 469 1867 583 1900; x_wconf 79' lang='lat' dir='ltr'><strong>faciem</strong></span> 
     </span>
     <span class='ocr_line' id='line_1_42' title="bbox 229 1917 649 1957; baseline 0 -8"><span class='ocrx_word' id='word_1_182' title='bbox 229 1921 301 1957; x_wconf 87' lang='lat' dir='ltr'><strong>post</strong></span> <span class='ocrx_word' id='word_1_183' title='bbox 327 1917 440 1949; x_wconf 86' lang='lat' dir='ltr'><strong>mortis</strong></span> <span class='ocrx_word' id='word_1_184' title='bbox 468 1917 649 1950; x_wconf 86' lang='lat' dir='ltr'><strong>articulum.</strong></span> 
     </span>
    </p>
   </div>
   <div class='ocr_carea' id='block_1_24' title="bbox 226 2009 694 2146">
    <p class='ocr_par' dir='ltr' id='par_1_27' title="bbox 226 2009 694 2146">
     <span class='ocr_line' id='line_1_43' title="bbox 226 2009 374 2051; baseline 0.007 -12"><span class='ocrx_word' id='word_1_185' title='bbox 226 2009 374 2051; x_wconf 71' lang='grc' dir='ltr'><strong>Ρῖασαία,</strong></span> 
     </span>
     <span class='ocr_line' id='line_1_44' title="bbox 227 2057 515 2097; baseline 0 -8"><span class='ocrx_word' id='word_1_186' title='bbox 227 2067 294 2095; x_wconf 89' lang='lat' dir='ltr'><strong>nos,</strong></span> <span class='ocrx_word' id='word_1_187' title='bbox 322 2062 425 2090; x_wconf 86' lang='lat' dir='ltr'><strong>mater</strong></span> <span class='ocrx_word' id='word_1_188' title='bbox 451 2057 515 2097; x_wconf 81' lang='lat' dir='ltr'><strong>pia,</strong></span> 
     </span>
     <span class='ocr_line' id='line_1_45' title="bbox 227 2106 694 2146; baseline 0 -9"><span class='ocrx_word' id='word_1_189' title='bbox 227 2114 356 2146; x_wconf 82' lang='lat' dir='ltr'><strong>semper</strong></span> <span class='ocrx_word' id='word_1_190' title='bbox 382 2106 522 2138; x_wconf 89' lang='lat' dir='ltr'><strong>invisere</strong></span> <span class='ocrx_word' id='word_1_191' title='bbox 550 2106 694 2146; x_wconf 85' lang='lat' dir='ltr'><strong>dignare,</strong></span> 
     </span>
    </p>
   </div>
   <div class='ocr_carea' id='block_1_25' title="bbox 228 2198 534 2238">
    <p class='ocr_par' dir='ltr' id='par_1_28' title="bbox 228 2198 534 2238">
     <span class='ocr_line' id='line_1_46' title="bbox 228 2198 534 2238; baseline 0 -8"><span class='ocrx_word' id='word_1_192' title='bbox 228 2198 270 2230; x_wconf 92' lang='lat' dir='ltr'><strong>Ut</strong></span> <span class='ocrx_word' id='word_1_193' title='bbox 294 2199 369 2238; x_wconf 89' lang='lat' dir='ltr'><strong>agni</strong></span> <span class='ocrx_word' id='word_1_194' title='bbox 395 2198 534 2230; x_wconf 88' lang='lat' dir='ltr'><strong>candida</strong></span> 
     </span>
    </p>
   </div>
   <div class='ocr_carea' id='block_1_26' title="bbox 225 2247 539 2288">
    <p class='ocr_par' dir='ltr' id='par_1_29' title="bbox 225 2247 539 2288">
     <span class='ocr_line' id='line_1_47' title="bbox 225 2247 539 2288; baseline 0.003 -10"><span class='ocrx_word' id='word_1_195' title='bbox 225 2247 309 2278; x_wconf 89' lang='lat' dir='ltr'><strong>stola</strong></span> <span class='ocrx_word' id='word_1_196' title='bbox 336 2247 539 2288; x_wconf 85' lang='lat' dir='ltr'><strong>dignissima,</strong></span> 
     </span>
    </p>
   </div>
   <div class='ocr_carea' id='block_1_27' title="bbox 195 2387 716 2476">
    <p class='ocr_par' dir='ltr' id='par_1_30' title="bbox 195 2387 716 2476">
     <span class='ocr_line' id='line_1_48' title="bbox 195 2387 716 2422; baseline 0 -2"><span class='ocrx_word' id='word_1_197' title='bbox 195 2412 202 2420; x_wconf 89' lang='lat'><strong><em>.</em></strong></span> <span class='ocrx_word' id='word_1_198' title='bbox 230 2387 273 2420; x_wconf 87' lang='lat' dir='ltr'><strong>Ut</strong></span> <span class='ocrx_word' id='word_1_199' title='bbox 300 2388 420 2420; x_wconf 87' lang='lat' dir='ltr'><strong>sanctis</strong></span> <span class='ocrx_word' id='word_1_200' title='bbox 447 2388 541 2420; x_wconf 88' lang='lat' dir='ltr'><strong>simul</strong></span> <span class='ocrx_word' id='word_1_201' title='bbox 568 2389 716 2422; x_wconf 84' lang='lat' dir='ltr'><strong>omnibus</strong></span> 
     </span>
     <span class='ocr_line' id='line_1_49' title="bbox 229 2436 516 2476; baseline 0.003 -9"><span class='ocrx_word' id='word_1_202' title='bbox 229 2436 342 2476; x_wconf 84' lang='lat' dir='ltr'><strong>dignos</strong></span> <span class='ocrx_word' id='word_1_203' title='bbox 368 2437 516 2476; x_wconf 83' lang='lat' dir='ltr'><strong>associet,</strong></span> 
     </span>
    </p>
   </div>
   <div class='ocr_carea' id='block_1_28' title="bbox 837 1114 896 1148">
    <p class='ocr_par' dir='ltr' id='par_1_31' title="bbox 837 1114 896 1148">
     <span class='ocr_line' id='line_1_50' title="bbox 837 1114 896 1148; baseline -0.051 0"><span class='ocrx_word' id='word_1_204' title='bbox 837 1114 896 1148; x_wconf 87' lang='lat' dir='ltr'><strong>2b.</strong></span> 
     </span>
    </p>
   </div>
   <div class='ocr_carea' id='block_1_29' title="bbox 837 1252 896 1286">
    <p class='ocr_par' dir='ltr' id='par_1_32' title="bbox 837 1252 896 1286">
     <span class='ocr_line' id='line_1_51' title="bbox 837 1252 896 1286; baseline 0 -1"><span class='ocrx_word' id='word_1_205' title='bbox 837 1255 855 1285; x_wconf 77' lang='lat'><strong>:3</strong></span> <span class='ocrx_word' id='word_1_206' title='bbox 866 1252 896 1286; x_wconf 90' lang='lat' dir='ltr'><strong>b.</strong></span> 
     </span>
    </p>
   </div>
   <div class='ocr_carea' id='block_1_30' title="bbox 836 1537 896 1570">
    <p class='ocr_par' dir='ltr' id='par_1_33' title="bbox 836 1537 896 1570">
     <span class='ocr_line' id='line_1_52' title="bbox 836 1537 896 1570; baseline 0.017 -2"><span class='ocrx_word' id='word_1_207' title='bbox 836 1537 896 1570; x_wconf 80' lang='lat' dir='ltr'><strong>4b.</strong></span> 
     </span>
    </p>
   </div>
   <div class='ocr_carea' id='block_1_31' title="bbox 836 1725 894 1758">
    <p class='ocr_par' dir='ltr' id='par_1_34' title="bbox 836 1725 894 1758">
     <span class='ocr_line' id='line_1_53' title="bbox 836 1725 894 1758; baseline 0.034 -2"><span class='ocrx_word' id='word_1_208' title='bbox 836 1725 894 1758; x_wconf 79' lang='lat' dir='ltr'><strong>5b.</strong></span> 
     </span>
    </p>
   </div>
   <div class='ocr_carea' id='block_1_32' title="bbox 926 1113 1454 1197">
    <p class='ocr_par' dir='ltr' id='par_1_35' title="bbox 926 1113 1454 1197">
     <span class='ocr_line' id='line_1_54' title="bbox 926 1113 1454 1156; baseline 0 -10"><span class='ocrx_word' id='word_1_209' title='bbox 926 1113 1004 1153; x_wconf 88' lang='lat' dir='ltr'><strong>Nos,</strong></span> <span class='ocrx_word' id='word_1_210' title='bbox 1030 1118 1066 1145; x_wconf 88' lang='lat' dir='ltr'><strong>ut</strong></span> <span class='ocrx_word' id='word_1_211' title='bbox 1094 1114 1190 1155; x_wconf 86' lang='lat' dir='ltr'><strong>digne</strong></span> <span class='ocrx_word' id='word_1_212' title='bbox 1216 1119 1247 1145; x_wconf 88' lang='lat' dir='ltr'><strong>te</strong></span> <span class='ocrx_word' id='word_1_213' title='bbox 1275 1114 1454 1156; x_wconf 83' lang='lat' dir='ltr'><strong>laudemus,</strong></span> 
     </span>
     <span class='ocr_line' id='line_1_55' title="bbox 926 1162 1377 1197; baseline 0.002 -2"><span class='ocrx_word' id='word_1_214' title='bbox 926 1162 1069 1195; x_wconf 90' lang='lat' dir='ltr'><strong>moribus</strong></span> <span class='ocrx_word' id='word_1_215' title='bbox 1096 1162 1217 1194; x_wconf 80' lang='lat' dir='ltr'><strong>sanctis</strong></span> <span class='ocrx_word' id='word_1_216' title='bbox 1245 1171 1377 1197; x_wconf 80' lang='lat' dir='ltr'><strong>exorna.</strong></span> 
     </span>
    </p>
   </div>
   <div class='ocr_carea' id='block_1_33' title="bbox 922 1253 1428 1489">
    <p class='ocr_par' dir='ltr' id='par_1_36' title="bbox 924 1253 1303 1333">
     <span class='ocr_line' id='line_1_56' title="bbox 924 1253 1303 1286; baseline 0.005 -2"><span class='ocrx_word' id='word_1_217' title='bbox 924 1253 970 1285; x_wconf 89' lang='lat' dir='ltr'><strong>Te</strong></span> <span class='ocrx_word' id='word_1_218' title='bbox 996 1253 1107 1285; x_wconf 83' lang='lat' dir='ltr'><strong>divina</strong></span> <span class='ocrx_word' id='word_1_219' title='bbox 1132 1254 1303 1286; x_wconf 85' lang='lat' dir='ltr'><strong>clementia</strong></span> 
     </span>
     <span class='ocr_line' id='line_1_57' title="bbox 926 1301 1089 1333; baseline 0 -1"><span class='ocrx_word' id='word_1_220' title='bbox 926 1301 1089 1333; x_wconf 84' lang='lat' dir='ltr'><strong>hominum</strong></span> 
     </span>
    </p>

    <p class='ocr_par' dir='ltr' id='par_1_37' title="bbox 923 1349 1327 1439">
     <span class='ocr_line' id='line_1_58' title="bbox 925 1349 1327 1390; baseline 0.005 -10"><span class='ocrx_word' id='word_1_221' title='bbox 925 1349 1065 1390; x_wconf 77' lang='lat' dir='ltr'><strong>signavit</strong></span> <span class='ocrx_word' id='word_1_222' title='bbox 1091 1351 1182 1389; x_wconf 86' lang='lat' dir='ltr'><strong>pacis</strong></span> <span class='ocrx_word' id='word_1_223' title='bbox 1209 1355 1327 1383; x_wconf 88' lang='lat' dir='ltr'><strong>metam</strong></span> 
     </span>
     <span class='ocr_line' id='line_1_59' title="bbox 923 1397 1106 1439; baseline -0.005 -10"><span class='ocrx_word' id='word_1_224' title='bbox 923 1402 1019 1439; x_wconf 87' lang='lat' dir='ltr'><strong>atque</strong></span> <span class='ocrx_word' id='word_1_225' title='bbox 1046 1397 1106 1429; x_wconf 89' lang='lat' dir='ltr'><strong>tibi</strong></span> 
     </span>
    </p>

    <p class='ocr_par' dir='ltr' id='par_1_38' title="bbox 922 1446 1428 1489">
     <span class='ocr_line' id='line_1_60' title="bbox 922 1446 1428 1489; baseline 0.008 -12"><span class='ocrx_word' id='word_1_226' title='bbox 922 1446 1154 1479; x_wconf 85' lang='lat' dir='ltr'><strong>mundissimae</strong></span> <span class='ocrx_word' id='word_1_227' title='bbox 1179 1447 1428 1489; x_wconf 80' lang='lat' dir='ltr'><strong>obtemperavit,</strong></span> 
     </span>
    </p>
   </div>
   <div class='ocr_carea' id='block_1_34' title="bbox 922 1537 1259 1668">
    <p class='ocr_par' dir='ltr' id='par_1_39' title="bbox 922 1537 1259 1668">
     <span class='ocr_line' id='line_1_61' title="bbox 924 1537 1248 1578; baseline 0.009 -10"><span class='ocrx_word' id='word_1_228' title='bbox 924 1538 991 1576; x_wconf 77' lang='lat' dir='ltr'><strong>Qua</strong></span> <span class='ocrx_word' id='word_1_229' title='bbox 1019 1537 1119 1578; x_wconf 84' lang='lat' dir='ltr'><strong>fulget</strong></span> <span class='ocrx_word' id='word_1_230' title='bbox 1146 1548 1248 1578; x_wconf 78' lang='lat' dir='ltr'><strong>sacra,</strong></span> 
     </span>
     <span class='ocr_line' id='line_1_62' title="bbox 922 1587 1241 1626; baseline 0.006 -9"><span class='ocrx_word' id='word_1_231' title='bbox 922 1587 1039 1626; x_wconf 80' lang='lat' dir='ltr'><strong>gaudet</strong></span> <span class='ocrx_word' id='word_1_232' title='bbox 1066 1587 1241 1619; x_wconf 84' lang='lat' dir='ltr'><strong>laetissima</strong></span> 
     </span>
     <span class='ocr_line' id='line_1_63' title="bbox 924 1634 1259 1668; baseline 0.009 -3"><span class='ocrx_word' id='word_1_233' title='bbox 924 1634 1037 1666; x_wconf 70' lang='lat' dir='ltr'><strong>cohors</strong></span> <span class='ocrx_word' id='word_1_234' title='bbox 1065 1640 1259 1668; x_wconf 85' lang='lat' dir='ltr'><strong>sanctorum.</strong></span> 
     </span>
    </p>
   </div>
   <div class='ocr_carea' id='block_1_35' title="bbox 922 1727 1325 1960">
    <p class='ocr_par' dir='ltr' id='par_1_40' title="bbox 922 1727 1123 1766">
     <span class='ocr_line' id='line_1_64' title="bbox 922 1727 1123 1766; baseline 0.005 -9"><span class='ocrx_word' id='word_1_235' title='bbox 922 1728 952 1757; x_wconf 87' lang='lat' dir='ltr'>A</span> <span class='ocrx_word' id='word_1_236' title='bbox 978 1727 1123 1766; x_wconf 86' lang='lat' dir='ltr'><strong>nequitia</strong></span> 
     </span>
    </p>

    <p class='ocr_par' dir='ltr' id='par_1_41' title="bbox 922 1774 1300 1808">
     <span class='ocr_line' id='line_1_65' title="bbox 922 1774 1300 1808; baseline 0.008 -3"><span class='ocrx_word' id='word_1_237' title='bbox 922 1774 1014 1806; x_wconf 86' lang='lat' dir='ltr'><strong>nobis</strong></span> <span class='ocrx_word' id='word_1_238' title='bbox 1042 1774 1142 1807; x_wconf 83' lang='lat' dir='ltr'><strong>hostis</strong></span> <span class='ocrx_word' id='word_1_239' title='bbox 1171 1776 1300 1808; x_wconf 82' lang='lat' dir='ltr'><strong>fortiter</strong></span> 
     </span>
    </p>

    <p class='ocr_par' dir='ltr' id='par_1_42' title="bbox 924 1822 1312 1906">
     <span class='ocr_line' id='line_1_66' title="bbox 924 1822 1312 1865; baseline 0.015 -12"><span class='ocrx_word' id='word_1_240' title='bbox 924 1822 1019 1861; x_wconf 83' lang='lat' dir='ltr'><strong>pelle.</strong></span> <span class='ocrx_word' id='word_1_241' title='bbox 1048 1822 1110 1863; x_wconf 84' lang='lat' dir='ltr'><strong>(te)</strong></span> <span class='ocrx_word' id='word_1_242' title='bbox 1140 1825 1312 1865; x_wconf 78' lang='lat' dir='ltr'><strong>poscimus,</strong></span> 
     </span>
     <span class='ocr_line' id='line_1_67' title="bbox 924 1871 1290 1906; baseline 0.014 -5"><span class='ocrx_word' id='word_1_243' title='bbox 924 1871 1022 1902; x_wconf 83' lang='lat' dir='ltr'><strong>simus</strong></span> <span class='ocrx_word' id='word_1_244' title='bbox 1048 1881 1088 1903; x_wconf 85' lang='lat' dir='ltr'><strong>ne</strong></span> <span class='ocrx_word' id='word_1_245' title='bbox 1115 1874 1290 1906; x_wconf 82' lang='lat' dir='ltr'><strong>novissimo</strong></span> 
     </span>
    </p>

    <p class='ocr_par' dir='ltr' id='par_1_43' title="bbox 923 1922 1325 1960">
     <span class='ocr_line' id='line_1_68' title="bbox 923 1922 1325 1960; baseline 0.015 -11"><span class='ocrx_word' id='word_1_246' title='bbox 923 1922 1069 1959; x_wconf 84' lang='lat' dir='ltr'><strong>tempore</strong></span> <span class='ocrx_word' id='word_1_247' title='bbox 1093 1923 1325 1960; x_wconf 77' lang='lat' dir='ltr'><strong>spectaculum,</strong></span> 
     </span>
    </p>
   </div>
   <div class='ocr_carea' id='block_1_36' title="bbox 837 2010 1003 2043">
    <p class='ocr_par' dir='ltr' id='par_1_44' title="bbox 837 2010 1003 2043">
     <span class='ocr_line' id='line_1_69' title="bbox 837 2010 1003 2043; baseline -0.012 0"><span class='ocrx_word' id='word_1_248' title='bbox 837 2010 895 2043; x_wconf 81' lang='grc'><strong>61).</strong></span> <span class='ocrx_word' id='word_1_249' title='bbox 930 2030 941 2036; x_wconf 59' lang='grc'><strong>»</strong></span> <span class='ocrx_word' id='word_1_250' title='bbox 973 2032 1003 2036; x_wconf 35' lang='grc' dir='ltr'>Ἠ</span> 
     </span>
    </p>
   </div>
   <div class='ocr_carea' id='block_1_37' title="bbox 837 2199 895 2232">
    <p class='ocr_par' dir='ltr' id='par_1_45' title="bbox 837 2199 895 2232">
     <span class='ocr_line' id='line_1_70' title="bbox 837 2199 895 2232; baseline -0.017 0"><span class='ocrx_word' id='word_1_251' title='bbox 837 2199 895 2232; x_wconf 88' lang='lat' dir='ltr'><strong>7b.</strong></span> 
     </span>
    </p>
   </div>
   <div class='ocr_carea' id='block_1_38' title="bbox 837 2389 894 2422">
    <p class='ocr_par' dir='ltr' id='par_1_46' title="bbox 837 2389 894 2422">
     <span class='ocr_line' id='line_1_71' title="bbox 837 2389 894 2422; baseline -0.018 0"><span class='ocrx_word' id='word_1_252' title='bbox 837 2389 894 2422; x_wconf 82' lang='lat' dir='ltr'><strong>8b.</strong></span> 
     </span>
    </p>
   </div>
   <div class='ocr_carea' id='block_1_39' title="bbox 923 2060 1394 2240">
    <p class='ocr_par' dir='ltr' id='par_1_47' title="bbox 923 2060 1394 2240">
     <span class='ocr_line' id='line_1_72' title="bbox 923 2060 1212 2104; baseline 0.014 -13"><span class='ocrx_word' id='word_1_253' title='bbox 923 2060 962 2092; x_wconf 81' lang='lat' dir='ltr'><strong>Et</strong></span> <span class='ocrx_word' id='word_1_254' title='bbox 990 2061 1120 2100; x_wconf 84' lang='lat' dir='ltr'><strong>iustum,</strong></span> <span class='ocrx_word' id='word_1_255' title='bbox 1148 2063 1212 2104; x_wconf 78' lang='lat' dir='ltr'><strong>dia,</strong></span> 
     </span>
     <span class='ocr_line' id='line_1_73' title="bbox 923 2110 1394 2155; baseline 0.017 -16"><span class='ocrx_word' id='word_1_256' title='bbox 923 2117 1019 2148; x_wconf 85' lang='lat' dir='ltr'><strong>prece</strong></span> <span class='ocrx_word' id='word_1_257' title='bbox 1045 2114 1080 2141; x_wconf 90' lang='lat' dir='ltr'><strong>tu</strong></span> <span class='ocrx_word' id='word_1_258' title='bbox 1105 2110 1245 2143; x_wconf 82' lang='lat' dir='ltr'><strong>iudicem</strong></span> <span class='ocrx_word' id='word_1_259' title='bbox 1272 2113 1394 2155; x_wconf 82' lang='lat' dir='ltr'><strong>mitiga.</strong></span> 
     </span>
     <span class='ocr_line' id='line_1_74' title="bbox 924 2202 1222 2240; baseline 0.02 -9"><span class='ocrx_word' id='word_1_260' title='bbox 924 2202 1022 2240; x_wconf 77' lang='lat' dir='ltr'><strong>Quem</strong></span> <span class='ocrx_word' id='word_1_261' title='bbox 1048 2206 1103 2234; x_wconf 85' lang='lat' dir='ltr'><strong>tuo</strong></span> <span class='ocrx_word' id='word_1_262' title='bbox 1129 2208 1222 2236; x_wconf 90' lang='lat' dir='ltr'><strong>utero</strong></span> 
     </span>
    </p>
   </div>
   <div class='ocr_carea' id='block_1_40' title="bbox 924 2250 1260 2338">
    <p class='ocr_par' dir='ltr' id='par_1_48' title="bbox 924 2250 1260 2338">
     <span class='ocr_line' id='line_1_75' title="bbox 924 2250 1256 2291; baseline 0.012 -11"><span class='ocrx_word' id='word_1_263' title='bbox 924 2250 1043 2281; x_wconf 91' lang='lat' dir='ltr'><strong>mundo</strong></span> <span class='ocrx_word' id='word_1_264' title='bbox 1070 2259 1256 2291; x_wconf 77' lang='lat' dir='ltr'><strong>pepereraS‚</strong></span> 
     </span>
     <span class='ocr_line' id='line_1_76' title="bbox 924 2298 1260 2338; baseline 0.015 -10"><span class='ocrx_word' id='word_1_265' title='bbox 924 2307 982 2330; x_wconf 77' lang='lat' dir='ltr'><strong>nos</strong></span> <span class='ocrx_word' id='word_1_266' title='bbox 1011 2298 1083 2330; x_wconf 77' lang='lat' dir='ltr'><strong>1·th</strong></span> <span class='ocrx_word' id='word_1_267' title='bbox 1109 2299 1260 2338; x_wconf 81' lang='lat' dir='ltr'><strong>induere,-</strong></span> 
     </span>
    </p>
   </div>
   <div class='ocr_carea' id='block_1_41' title="bbox 924 2390 1464 2482">
    <p class='ocr_par' dir='ltr' id='par_1_49' title="bbox 924 2390 1464 2482">
     <span class='ocr_line' id='line_1_77' title="bbox 924 2390 1464 2434; baseline 0.017 -11"><span class='ocrx_word' id='word_1_268' title='bbox 924 2390 968 2423; x_wconf 89' lang='lat' dir='ltr'><strong>Ut</strong></span> <span class='ocrx_word' id='word_1_269' title='bbox 984 2390 1090 2430; x_wconf 87' lang='lat' dir='ltr'><strong>ipsum</strong></span> <span class='ocrx_word' id='word_1_270' title='bbox 1110 2393 1365 2434; x_wconf 86' lang='lat' dir='ltr'><strong>contemplemur</strong></span> <span class='ocrx_word' id='word_1_271' title='bbox 1379 2407 1464 2431; x_wconf 85' lang='lat' dir='ltr'><strong>nune</strong></span> 
     </span>
     <span class='ocr_line' id='line_1_78' title="bbox 924 2438 1232 2482; baseline 0.01 -12"><span class='ocrx_word' id='word_1_272' title='bbox 924 2442 955 2471; x_wconf 91' lang='lat' dir='ltr'><strong>et</strong></span> <span class='ocrx_word' id='word_1_273' title='bbox 980 2438 1013 2470; x_wconf 88' lang='lat' dir='ltr'><strong>in</strong></span> <span class='ocrx_word' id='word_1_274' title='bbox 1040 2445 1232 2482; x_wconf 87' lang='lat' dir='ltr'><strong>perpetuum</strong></span> 
     </span>
    </p>
   </div>
  </div>
 </body>
</html>
