1654 2756
663 111 928 148 —104—

142 209 185 242 12
196 219 225 243 a.
255 211 291 242 In
319 209 456 242 ecclesia
483 215 667 241 sanctorum
840 210 923 244 12b.
949 211 1033 252 Iesu,
1061 209 1108 241 fili
1133 211 1250 243 summi
1276 208 1389 252 patris,

253 259 425 291 Advocata
451 257 640 289 miserorum
948 258 1103 301 [Praesta
1116 253 1466 301 uobisprecematris],

255 308 313 339 Pia
340 307 405 338 dux
431 309 463 336 et
487 305 728 348 naufragorum,
949 307 996 339 Te
1021 310 1053 338 et
1078 306 1183 346 ipsam
1209 315 1280 340 cum
1307 306 1412 338 beatis

255 355 395 387 Cantant
422 353 520 386 corda
546 353 685 386 filiorum
949 355 1050 387 Liber
1073 355 1208 396 quisque
1233 366 1252 388 a
1278 354 1421 395 peccatis

301 402 376 435 Tibi
401 401 514 434 laudes
541 401 690 435 dulciter.
999 403 1125 435 Laudet
1151 408 1186 435 ut
1211 403 1371 437 hilariter.

203 498 284 525 Orat,
316 506 369 525 ms.
399 498 512 524 Domus
541 498 643 525 Novae
672 498 763 525 Lucis
791 499 862 526 anni
891 497 974 526 1477.
1017 497 1087 525 eod.
1121 498 1311 527 Ultraiectin.
1342 498 1465 532 Scriptt.

126 535 208 563 Eccl.
236 534 301 563 375.
322 550 360 555 —-
381 534 432 568 9a,
457 535 470 563 l
500 537 616 570 Quitas.
638 551 676 555 ——
700 535 734 564 10
745 546 771 569 a,
795 534 812 564 2
841 537 900 564 Dei
925 538 1074 574 genetri13
1103 546 1198 574 gegen
1225 538 1281 565 den
1313 538 1405 564 Reim.
1428 551 1464 555 —

125 574 254 602 Melodie
275 574 540 602 wahrscheinlich:
565 574 679 602 Salve
702 580 821 604 mater
842 575 1064 604 salvatoris.

580 693 635 724 101.
668 693 711 724 De
733 693 831 725 Beata
852 693 954 725 Maria
973 694 1009 725 V.

140 784 197 815 la.
225 784 308 823 Ave,
335 787 448 821 mater,
478 783 562 815 vitae
588 787 712 822 portus,
827 782 884 816 lb.
914 781 1015 823 Virgo
1042 791 1171 822 semper
1197 787 1232 815 tu
1257 781 1359 824 fuisti,

222 831 273 862 Ex
300 840 361 871 qua
388 831 507 862 mundo
529 832 576 862 sol
598 835 645 862 est
663 835 764 870 ortus,
915 831 1014 871 Virgo
1040 830 1145 862 Deum
1171 831 1310 871 genuisti

269 880 329 918 Qui
356 879 493 910 salvavit
521 879 660 911 saecula.
962 880 1039 911 Sine
1065 879 1127 910 viri
1153 879 1279 919 copula.

135 975 197 1007 2a.
223 975 304 1011 Ave,
333 983 392 1014 per
417 984 512 1014 quam
538 975 685 1015 aperitur
826 974 886 1009 2b.
914 975 940 1007 O
967 983 1062 1015 quam
1089 974 1207 1006 bonum
1234 973 1321 1006 idem
1347 975 1427 1015 Ave,

225 1022 313 1054 Caeli
340 1026 433 1063 porta
461 1028 490 1053 et
518 1022 629 1054 finitur
914 1023 1013 1062 Quam
1025 1023 1464 1064 praeclarum,quamsuave‚

273 1070 438 1102 Mundam
465 1072 608 1102 tristitia.
962 1073 1025 1103 Per
1051 1071 1137 1111 quod
1165 1071 1262 1104 datur
1287 1072 1409 1111 gratia!

136 1167 197 1199 3a.
226 1167 307 1202 Ave.
336 1170 439 1197 mater
465 1167 579 1198 summi
606 1167 701 1208 regis,
827 1166 886 1199 3b.
913 1168 995 1207 Ave,
1023 1176 1104 1206 quae
1131 1176 1222 1198 cares
1248 1167 1356 1207 simili,

226 1214 313 1253 Quae
341 1223 410 1245 cum
438 1218 513 1246 nato
538 1218 654 1246 cuncta
681 1215 766 1255 regis
915 1216 974 1247 Isti
1001 1220 1152 1247 catervae
1181 1215 1281 1247 debili

274 1263 363 1294 Mira
389 1271 459 1293 cum
488 1262 644 1302 potentia.
965 1263 1015 1295 Sis
1042 1271 1170 1303 semper
1195 1263 1348 1303 propitia,

124 1359 145 1389 4
173 1367 201 1389 a.
228 1358 293 1390 Per
318 1362 359 1393 te.
387 1358 488 1398 virgo,
518 1356 703 1390 conferatur
826 1358 889 1391 4b.
916 1359 974 1390 Pie
998 1361 1084 1395 Iesu,
1112 1368 1209 1399 prece
1235 1361 1348 1391 matris

225 1405 327 1437 Nobis
354 1406 452 1447 saluS,
480 1406 675 1437 concedatur
913 1407 1007 1439 Dona
1032 1406 1125 1439 nobis
1151 1416 1251 1449 regna
1276 1409 1380 1449 putris

273 1454 481 1486 Peccatorum
510 1455 613 1486 venia.
961 1456 998 1487 In
1026 1455 1158 1487 caelesti
1185 1456 1301 1496 gloria.

133 1582 146 1588 η
205 1550 286 1577 Orat.
310 1554 338 1578 et
360 1549 498 1585 Sequent.
521 1560 575 1577 ms.
598 1549 761 1586 Campense
783 1551 854 1578 anni
878 1549 960 1578 1462.
1001 1551 1073 1580 cod.
1097 1552 1317 1580 Darmstadien.
1340 1552 1405 1580 521.
1427 1569 1465 1571 -

127 1588 330 1616 Uberachrift:
356 1589 417 1622 „De
438 1590 526 1617 beata
549 1597 663 1624 semper
684 1591 800 1626 virgine
823 1588 959 1624 prosa.“

574 1706 636 1737 102.
669 1706 711 1737 De
735 1706 834 1738 Beata
858 1706 959 1738 Maria
980 1708 1016 1738 V.

541 1799 572 1830 1,
600 1797 682 1836 Ave,
709 1806 784 1828 rosa
809 1797 967 1837 speciosa,

596 1844 701 1886 Salve,
729 1855 803 1877 rosa
830 1845 981 1885 gloriosa,

645 1894 727 1932 Ave,
756 1893 898 1926 candens
924 1894 1037 1928 lilium.

137 1991 197 2023 22.
226 1989 331 2026 Salve,
358 1989 491 2021 lucerna
516 1989 674 2029 virginum
833 1990 892 2023 2b.
919 1992 1000 2033 Ave,
1029 1992 1174 2032 paradisi
1200 1996 1306 2035 porta,

224 2038 267 2070 Et
295 2038 376 2070 caeii
401 2037 618 2075 luminarium,
920 2039 985 2072 Per
1010 2049 1104 2080 quam
1132 2050 1208 2073 vera
1233 2043 1290 2074 lux
1311 2047 1359 2074 est
1377 2046 1461 2086 orta,

223 2085 423 2118 Auxiliatrix
450 2086 588 2118 omnium
920 2088 971 2120 Ad
993 2088 1128 2127 caelum,
1148 2087 1196 2133 [tu
1214 2100 1272 2122 nos
1287 2089 1462 2136 conforta}

271 2135 324 2166 Ad
352 2140 383 2165 te
410 2133 611 2175 fugientium,
968 2137 1032 2169 Per
1056 2140 1088 2168 te
1114 2140 1350 2181 perveniamus,

273 2183 371 2216 Salva
396 2192 454 2214 nos
481 2183 512 2214 in
537 2185 740 2224 perpetuum.
968 2185 1032 2217 Per
1057 2188 1089 2216 te
1115 2195 1174 2217 nos
1202 2187 1411 2220 introeamus.

138 2280 197 2312 3a.
226 2278 332 2319 Salve,
359 2288 433 2319 spes
460 2283 495 2311 tu
519 2280 721 2321 miserorum,
834 2278 894 2311 3b.
923 2280 1056 2312 Veniam
1082 2285 1169 2324 peto,
1199 2283 1339 2326 domina,

223 2329 304 2370 Ave,
332 2327 419 2360 salus
446 2326 657 2368 infirmorum,
919 2328 968 2361 Tu
994 2329 1038 2360 sis
1063 2329 1142 2361 mihi
1169 2332 1323 2373 propitia,

275 2377 475 2409 Maestorum
503 2376 690 2418 consolatio,
969 2377 1013 2410 Ut
1039 2381 1071 2408 te
1098 2378 1232 2411 laudare
1261 2380 1383 2414 valeam

274 2424 480 2458 Perditorum
508 2425 722 2465 recuperatio,
969 2425 1012 2458 Et
1026 2434 1096 2458 cum
1111 2428 1231 2461 sanctis
1240 2437 1460 2470 permaneam.
