1654 2756
724 143 990 181 —279—

186 241 232 275 10
243 251 273 275 a.
306 240 488 275 Sublimata

337 289 480 324 Caelesti
507 291 588 324 duce

385 339 496 373 Mater
521 340 652 373 scandit
677 339 804 372 Helena

433 388 576 432 Solium3

890 242 935 275 10
945 242 977 276 b.
1011 242 1180 274 Illustrata

1059 290 1179 323 Divina
1204 290 1276 322 luce

1106 339 1227 371 Mentis
1262 337 1352 369 effert
1385 337 1525 378 Birgitta

1155 387 1306 421 Radium.

190 485 233 519 11
248 495 278 520 a.
311 485 462 518 Ecclesia
487 495 572 518 nunc
599 485 774 518 Sucvorum

363 534 410 566 Te
436 534 616 572 collaudat,
646 537 678 565 te
703 536 827 573 exorat,

411 581 503 615 Caeli
530 582 638 624 curia3

891 485 933 517 11
947 484 978 516 b.
1008 485 1197 518 Interventu
1223 488 1444 524 patronorum,

1060 534 1085 566 O
1112 533 1271 572 piissima.
1299 533 1451 572 implorat

1110 581 1157 612 Te
1182 591 1278 619 nunc,
1305 581 1423 619 Maria,

565 679 621 712 12.
652 679 696 712 Ut
721 677 783 710 sibi
810 677 965 710 auxilium

649 727 745 759 Circa
772 727 936 760 Christum
964 726 1135 758 Dominum

693 775 775 807 Esse
803 775 945 815 digneris
971 784 1030 815 per
1057 783 1180 807 aevum.

269 870 357 899 Grad.
382 880 433 899 ms.
457 870 699 899 Praedicatorum
722 871 925 899 Insulensium
938 872 1086 901 (Arm-iae)
1107 880 1183 898 saec.
1209 869 1281 898 ¹⁵!m.
1298 870 1368 897 Cod.
1385 870 1530 906 Upsalen.

190 909 213 937 C
241 908 307 938 513.
334 910 369 937 A.
397 925 434 930 —
457 911 542 937 Miss.
564 910 743 947 Stregneuse
772 911 843 946 imp.
865 911 1004 938 Lubeeae
1035 908 1117 937 1487.
1140 910 1173 936 B.
1195 926 1231 929 —
1253 910 1336 938 Miss.
1363 910 1529 944 Upsalcuse

190 950 260 985 imp.
283 949 422 977 Basileae
446 947 527 977 1513.
550 948 580 976 C.
604 964 638 967 —
665 948 690 983 l,
714 948 726 975 1
750 949 912 977 Exsultent
932 950 966 976 A.
989 964 1025 967 —
1051 949 1073 980 1,
1098 947 1115 975 2
1137 949 1301 976 ierarchiae
1323 950 1355 975 B.
1378 964 1415 967 —
1438 947 1490 979 721,
1513 945 1530 974 2

195 988 342 1016 Sueorum
364 988 397 1015 A.
421 1003 458 1007 —
480 987 534 1016 9b.
557 985 574 1014 2
595 987 770 1015 Bothwidus
792 989 824 1015 B.
842 1003 878 1006 ——
901 986 952 1023 9q,
975 986 992 1015 3
1014 991 1165 1015 concertat
1178 989 1211 1015 B.
1228 1004 1264 1008 —
1287 987 1340 1019 91),
1362 987 1379 1014 4
1395 986 1532 1014 sifridus,

192 1027 225 1053 C.
247 1041 283 1046 —
314 1024 392 1060 lla,
422 1026 435 1054 1
460 1028 605 1055 Sueorum
626 1028 660 1054 A.
682 1041 718 1045 f-
749 1025 827 1059 llb,
856 1026 873 1054 '3
902 1036 965 1062 sqq.
988 1027 1012 1053 O
1040 1028 1177 1062 piissima
1206 1031 1327 1062 precatu
1350 1030 1377 1053 tc
1400 1025 1527 1062 supplici

191 1066 335 1102 implorat
371 1067 469 1093 Maria
491 1065 579 1093 ABC.
602 1080 639 1084 —
669 1063 715 1097 12,
743 1063 760 1092 2
781 1066 868 1101 Apud
891 1065 1042 1092 Christum
1064 1067 1097 1092 Α.
1120 1080 1156 1083 -
1181 1065 1239 1093 Cfr.
1262 1066 1432 1101 Klemming
1454 1067 1483 1092 1.
1513 1074 1531 1099 p

195 1103 249 1133 176
271 1114 350 1142 sqq.;
372 1105 440 1132 dort
461 1114 514 1132 aus
536 1105 568 1132 C.

611 1208 681 1240 308.
724 1207 766 1237 De
789 1208 898 1238 sancto
919 1206 1053 1238 Paulino
1075 1206 1112 1238 M.

895 1297 957 1332 lb.
990 1299 1071 1330 Viva
1099 1296 1204 1329 factus
1232 1298 1336 1330 hostia

989 1346 1100 1378 Fortis
1127 1347 1204 1378 vicit
1231 1346 1341 1387 fortia,

1040 1395 1234 1436 Triumphat
1256 1404 1394 1435 regnans
1415 1395 1531 1436 gratia,

215 1300 276 1332 la.
307 1299 394 1330 Laus
421 1299 464 1331 sit
490 1298 558 1338 regi
584 1299 718 1338 gloriae,

312 1348 374 1388 Qui
399 1357 457 1380 nos
483 1357 538 1379 suo
566 1349 722 1388 sanguine

367 1396 457 1428 Patri
482 1396 715 1437 reconciliavit,

317 2323 416 2357 Curet
441 2327 579 2367 mentes,
605 2323 766 2357 sauciavit

316 2374 403 2415 Quas
426 2376 612 2415 peccatum
641 2383 701 2406 nec
727 2373 836 2415 ingra-

653 2427 720 2456 tum

365 2471 522 2504 Nostrum
558 2471 601 2504 sit
635 2471 836 2512 obsequium.

222 1494 283 1528 2a.
316 1493 532 1529 Excaecatur,
556 1497 590 1524 ut
618 1494 751 1533 Iudaea,
896 1491 959 1524 2b.
996 1493 1081 1533 „Ubi
1109 1496 1157 1523 est
1184 1493 1271 1525 Deus
1301 1491 1479 1524 deorum?“

314 1541 400 1574 Fide
426 1542 532 1574 credit
558 1541 714 1574 Idumaea
993 1541 1081 1573 Gens
1109 1541 1185 1572 dum
1207 1543 1326 1574 clamat
1347 1542 1533 1584 infidorum,

364 1592 456 1624 Haec
482 1590 674 1630 alienigena.
1044 1592 1152 1623 Iustus
1179 1591 1259 1622 nihil
1288 1590 1425 1624 dubitat.

221 1690 280 1723 3a.
317 1672 350 1721 si
378 1688 516 1728 capillus
543 1692 741 1727 numeratur,
899 1687 961 1721 31).
995 1687 1138 1720 Insidiae
1166 1688 1328 1720 venatoris

315 1738 378 1770 Per
388 1736 615 1778 quemcaelum
624 1736 835 1778 gubernatur,
996 1737 1078 1770 Sunt
1103 1745 1225 1777 cassae,
1252 1737 1337 1769 stola
1364 1737 1491 1769 decoris

320 1786 425 1818 Huius
453 1794 528 1818 vere
555 1786 748 1818 recordatur
995 1786 1039 1819 Ut
1066 1795 1125 1818 nos
1151 1790 1245 1818 ornat
1271 1787 1428 1818 creatoris

366 1835 465 1875 Quem
502 1835 600 1868 vestit
631 1833 835 1876 duplicibus;
1044 1835 1162 1868 Manus
1188 1835 1221 1868 in
1249 1835 1453 1869 caelestibus.

226 1935 287 1966 4a.
318 1932 412 1970 Quod
439 1932 516 1965 dum
541 1941 620 1964 sane
645 1931 822 1964 meditatur
897 1933 919 1965 4
934 1931 968 1965 b.
1000 1932 1095 1965 Felix
1120 1936 1258 1975 martyr,
1283 1933 1337 1973 qui
1364 1933 1471 1964 vicisti

324 1981 391 2012 Iste
416 1986 552 2020 martyr,
581 1981 744 2014 cruciatur
997 1981 1041 2013 Et
1068 1982 1178 2022 cupita
1203 1982 1380 2024 possedisti

371 2030 416 2062 Et
441 2030 612 2062 tormentis
639 2029 807 2071 gloriatur,
1051 2032 1114 2064 Pro
1141 2031 1305 2072 sanguinis
1332 2030 1537 2064 commercio.

224 2131 286 2163 5a.
318 2127 425 2160 Huius
450 2137 527 2169 ergo
553 2128 712 2160 solemnia
903 2128 963 2162 5b.
997 2129 1043 2162 Ut
1068 2127 1147 2161 fidei
1173 2129 1315 2168 gratuita

318 2177 429 2209 Mater
453 2181 528 2219 agat
556 2177 705 2217 ecclesia,
998 2177 1070 2210 Hoc
1097 2182 1313 2217 consequatur
1338 2179 1495 2217 praemia.

217 2278 278 2311 6a.
313 2275 456 2309 Claudos
482 2283 596 2317 gressu
622 2275 677 2316 qui
696 2275 833 2318 curavit,
901 2275 965 2309 6b.
999 2274 1228 2308 Admittantur
1254 2280 1454 2316 peccatores,

997 2324 1044 2357 Ut
1069 2323 1134 2356 sint
1160 2324 1207 2355 tui
1233 2323 1440 2365 laudatores3

999 2373 1061 2405 Dei
1088 2373 1231 2413 gaudent
1256 2377 1429 2414 amatores,

1047 2422 1082 2455 Si
1109 2423 1256 2454 conversi
1284 2421 1416 2457 fuerint.
