<?xml version="1.0" encoding="UTF-8"?>
<!DOCTYPE html PUBLIC "-//W3C//DTD XHTML 1.0 Transitional//EN"
    "http://www.w3.org/TR/xhtml1/DTD/xhtml1-transitional.dtd">
<html xmlns="http://www.w3.org/1999/xhtml" xml:lang="en" lang="en">
 <head>
  <title>
</title>
<meta http-equiv="Content-Type" content="text/html;charset=utf-8" />
  <meta name='ocr-system' content='tesseract 3.04.00' />
  <meta name='ocr-capabilities' content='ocr_page ocr_carea ocr_par ocr_line ocrx_word'/>
</head>
<body>
  <div class='ocr_page' id='page_1' title='image "./analectahymnica42drevuoft_0074.png"; bbox 0 0 1654 2756; ppageno 0'>
   <div class='ocr_carea' id='block_1_1' title="bbox 621 146 1099 275">
    <p class='ocr_par' dir='ltr' id='par_1_1' title="bbox 621 146 1099 275">
     <span class='ocr_line' id='line_1_1' title="bbox 741 146 983 182; baseline -0.008 -10"><span class='ocrx_word' id='word_1_1' title='bbox 741 166 791 172; x_wconf 80' lang='grc'><strong>-</strong></span> <span class='ocrx_word' id='word_1_2' title='bbox 841 146 884 182; x_wconf 88' lang='lat'>71</span> <span class='ocrx_word' id='word_1_3' title='bbox 940 166 983 170; x_wconf 82' lang='grc'>-</span> 
     </span>
     <span class='ocr_line' id='line_1_2' title="bbox 621 240 1099 275; baseline 0.006 -3"><span class='ocrx_word' id='word_1_4' title='bbox 621 240 670 272; x_wconf 80' lang='grc'>59.</span> <span class='ocrx_word' id='word_1_5' title='bbox 702 241 737 272; x_wconf 86' lang='lat' dir='ltr'>ln</span> <span class='ocrx_word' id='word_1_6' title='bbox 758 240 986 274; x_wconf 74' lang='lat' dir='ltr'>Purifieatione</span> <span class='ocrx_word' id='word_1_7' title='bbox 1007 241 1099 275; x_wconf 66' lang='lat' dir='ltr'><strong>BMV.</strong></span> 
     </span>
    </p>
   </div>
   <div class='ocr_carea' id='block_1_2' title="bbox 191 310 1539 1483">
    <p class='ocr_par' dir='ltr' id='par_1_2' title="bbox 191 310 1539 1483">
     <span class='ocr_line' id='line_1_3' title="bbox 195 310 1357 359; baseline 0.005 -17"><span class='ocrx_word' id='word_1_8' title='bbox 195 310 256 344; x_wconf 89' lang='lat' dir='ltr'>la.</span> <span class='ocrx_word' id='word_1_9' title='bbox 284 310 391 354; x_wconf 84' lang='lat' dir='ltr'>Nunc,</span> <span class='ocrx_word' id='word_1_10' title='bbox 419 312 543 346; x_wconf 87' lang='lat' dir='ltr'>Christi</span> <span class='ocrx_word' id='word_1_11' title='bbox 569 311 705 355; x_wconf 85' lang='lat' dir='ltr'>familia,</span> <span class='ocrx_word' id='word_1_12' title='bbox 900 314 961 350; x_wconf 86' lang='lat' dir='ltr'>2b.</span> <span class='ocrx_word' id='word_1_13' title='bbox 990 315 1111 359; x_wconf 85' lang='lat' dir='ltr'>Maria,</span> <span class='ocrx_word' id='word_1_14' title='bbox 1139 316 1225 347; x_wconf 85' lang='lat' dir='ltr'>vitae</span> <span class='ocrx_word' id='word_1_15' title='bbox 1251 320 1357 357; x_wconf 82' lang='lat' dir='ltr'>porta,</span> 
     </span>
     <span class='ocr_line' id='line_1_4' title="bbox 282 361 1435 403; baseline 0.005 -13"><span class='ocrx_word' id='word_1_16' title='bbox 282 361 379 392; x_wconf 84' lang='lat' dir='ltr'>matri</span> <span class='ocrx_word' id='word_1_17' title='bbox 409 371 467 394; x_wconf 84' lang='lat' dir='ltr'>ore</span> <span class='ocrx_word' id='word_1_18' title='bbox 494 363 548 395; x_wconf 87' lang='lat' dir='ltr'>dic</span> <span class='ocrx_word' id='word_1_19' title='bbox 575 363 730 397; x_wconf 85' lang='lat' dir='ltr'>earmina.</span> <span class='ocrx_word' id='word_1_20' title='bbox 989 364 1071 396; x_wconf 83' lang='lat' dir='ltr'>caeli</span> <span class='ocrx_word' id='word_1_21' title='bbox 1100 364 1161 403; x_wconf 75' lang='lat' dir='ltr'>via,</span> <span class='ocrx_word' id='word_1_22' title='bbox 1189 365 1301 396; x_wconf 90' lang='lat' dir='ltr'>mundi</span> <span class='ocrx_word' id='word_1_23' title='bbox 1329 365 1435 402; x_wconf 84' lang='lat' dir='ltr'>stella,</span> 
     </span>
     <span class='ocr_line' id='line_1_5' title="bbox 193 438 1318 481; baseline 0.004 -11"><span class='ocrx_word' id='word_1_24' title='bbox 193 438 254 472; x_wconf 85' lang='lat' dir='ltr'>2a.</span> <span class='ocrx_word' id='word_1_25' title='bbox 280 438 363 479; x_wconf 80' lang='lat' dir='ltr'>Ave,</span> <span class='ocrx_word' id='word_1_26' title='bbox 392 439 511 479; x_wconf 81' lang='lat' dir='ltr'>Maria,</span> <span class='ocrx_word' id='word_1_27' title='bbox 901 441 961 476; x_wconf 89' lang='lat' dir='ltr'>2b.</span> <span class='ocrx_word' id='word_1_28' title='bbox 989 443 1155 474; x_wconf 83' lang='lat' dir='ltr'>Christum</span> <span class='ocrx_word' id='word_1_29' title='bbox 1185 442 1318 481; x_wconf 69' lang='lat' dir='ltr'>baiulans,</span> 
     </span>
     <span class='ocr_line' id='line_1_6' title="bbox 282 487 1175 525; baseline 0.004 -7"><span class='ocrx_word' id='word_1_30' title='bbox 282 495 352 525; x_wconf 85' lang='lat' dir='ltr'>ave,</span> <span class='ocrx_word' id='word_1_31' title='bbox 379 487 494 521; x_wconf 87' lang='lat' dir='ltr'>florum</span> <span class='ocrx_word' id='word_1_32' title='bbox 991 491 1060 523; x_wconf 89' lang='lat' dir='ltr'>Deo</span> <span class='ocrx_word' id='word_1_33' title='bbox 1087 491 1175 523; x_wconf 85' lang='lat' dir='ltr'>sistis</span> 
     </span>
     <span class='ocr_line' id='line_1_7' title="bbox 284 537 1239 579; baseline 0.004 -12"><span class='ocrx_word' id='word_1_34' title='bbox 284 537 432 578; x_wconf 68' lang='lat' dir='ltr'>nutritfa,</span> <span class='ocrx_word' id='word_1_35' title='bbox 991 539 1106 579; x_wconf 91' lang='lat' dir='ltr'>Deum,</span> <span class='ocrx_word' id='word_1_36' title='bbox 1134 544 1169 571; x_wconf 85' lang='lat' dir='ltr'>ut</span> <span class='ocrx_word' id='word_1_37' title='bbox 1197 540 1239 571; x_wconf 81' lang='lat' dir='ltr'>sit</span> 
     </span>
     <span class='ocr_line' id='line_1_8' title="bbox 285 586 1310 628; baseline 0.005 -12"><span class='ocrx_word' id='word_1_38' title='bbox 285 593 354 627; x_wconf 85' lang='lat' dir='ltr'>ave,</span> <span class='ocrx_word' id='word_1_39' title='bbox 384 586 475 627; x_wconf 85' lang='lat' dir='ltr'>virgo</span> <span class='ocrx_word' id='word_1_40' title='bbox 502 596 645 626; x_wconf 82' lang='lat' dir='ltr'>summa;</span> <span class='ocrx_word' id='word_1_41' title='bbox 991 598 1050 628; x_wconf 90' lang='lat' dir='ltr'>pro</span> <span class='ocrx_word' id='word_1_42' title='bbox 1073 588 1166 620; x_wconf 85' lang='lat' dir='ltr'>nobis</span> <span class='ocrx_word' id='word_1_43' title='bbox 1194 588 1310 621; x_wconf 86' lang='lat' dir='ltr'>hostia.</span> 
     </span>
     <span class='ocr_line' id='line_1_9' title="bbox 196 663 1539 708; baseline 0.004 -15"><span class='ocrx_word' id='word_1_44' title='bbox 196 666 214 693; x_wconf 70' lang='lat'>25</span> <span class='ocrx_word' id='word_1_45' title='bbox 226 671 256 696; x_wconf 88' lang='lat' dir='ltr'>a.</span> <span class='ocrx_word' id='word_1_46' title='bbox 284 663 378 694; x_wconf 83' lang='lat' dir='ltr'><strong>Actis</strong></span> <span class='ocrx_word' id='word_1_47' title='bbox 404 673 498 708; x_wconf 87' lang='lat' dir='ltr'>pura,</span> <span class='ocrx_word' id='word_1_48' title='bbox 526 663 680 706; x_wconf 83' lang='lat' dir='ltr'>purificas</span> <span class='ocrx_word' id='word_1_49' title='bbox 902 665 961 698; x_wconf 87' lang='lat' dir='ltr'>3b.</span> <span class='ocrx_word' id='word_1_50' title='bbox 989 666 1386 707; x_wconf 76' lang='lat' dir='ltr'>Quid,quaeso,purgas?</span> <span class='ocrx_word' id='word_1_51' title='bbox 1407 666 1539 699; x_wconf 78' lang='lat' dir='ltr'>Macula</span> 
     </span>
     <span class='ocr_line' id='line_1_10' title="bbox 281 712 1464 756; baseline 0.005 -15"><span class='ocrx_word' id='word_1_52' title='bbox 281 714 324 751; x_wconf 75' lang='lat' dir='ltr'>te,</span> <span class='ocrx_word' id='word_1_53' title='bbox 352 712 487 745; x_wconf 86' lang='lat' dir='ltr'>lucerna</span> <span class='ocrx_word' id='word_1_54' title='bbox 515 714 678 756; x_wconf 82' lang='lat' dir='ltr'>virginea;</span> <span class='ocrx_word' id='word_1_55' title='bbox 990 715 1080 746; x_wconf 88' lang='lat' dir='ltr'>nulla</span> <span class='ocrx_word' id='word_1_56' title='bbox 1106 724 1125 747; x_wconf 81' lang='lat' dir='ltr'>a</span> <span class='ocrx_word' id='word_1_57' title='bbox 1151 718 1182 745; x_wconf 85' lang='lat' dir='ltr'>te</span> <span class='ocrx_word' id='word_1_58' title='bbox 1210 719 1257 745; x_wconf 84' lang='lat' dir='ltr'>est</span> <span class='ocrx_word' id='word_1_59' title='bbox 1287 719 1464 747; x_wconf 79' lang='lat' dir='ltr'>eontracta.</span> 
     </span>
     <span class='ocr_line' id='line_1_11' title="bbox 196 787 1378 835; baseline 0.003 -14"><span class='ocrx_word' id='word_1_60' title='bbox 196 791 260 823; x_wconf 77' lang='lat' dir='ltr'>4a.</span> <span class='ocrx_word' id='word_1_61' title='bbox 287 787 368 828; x_wconf 81' lang='lat' dir='ltr'>Nos,</span> <span class='ocrx_word' id='word_1_62' title='bbox 395 799 455 822; x_wconf 82' lang='lat' dir='ltr'>nos</span> <span class='ocrx_word' id='word_1_63' title='bbox 481 790 637 831; x_wconf 76' lang='lat' dir='ltr'>purificas</span> <span class='ocrx_word' id='word_1_64' title='bbox 901 791 963 825; x_wconf 86' lang='lat' dir='ltr'>4b.</span> <span class='ocrx_word' id='word_1_65' title='bbox 989 791 1094 824; x_wconf 82' lang='lat' dir='ltr'>Offers</span> <span class='ocrx_word' id='word_1_66' title='bbox 1120 791 1174 823; x_wconf 77' lang='lat' dir='ltr'>hie</span> <span class='ocrx_word' id='word_1_67' title='bbox 1200 792 1378 835; x_wconf 60' lang='lat' dir='ltr'>columbam,</span> 
     </span>
     <span class='ocr_line' id='line_1_12' title="bbox 287 837 1272 880; baseline 0.004 -12"><span class='ocrx_word' id='word_1_68' title='bbox 287 837 367 869; x_wconf 87' lang='lat' dir='ltr'>dans</span> <span class='ocrx_word' id='word_1_69' title='bbox 391 838 497 879; x_wconf 78' lang='lat' dir='ltr'>nobis,</span> <span class='ocrx_word' id='word_1_70' title='bbox 525 841 590 880; x_wconf 78' lang='lat' dir='ltr'>pia,</span> <span class='ocrx_word' id='word_1_71' title='bbox 994 841 1155 880; x_wconf 75' lang='lat' dir='ltr'>columba,</span> <span class='ocrx_word' id='word_1_72' title='bbox 1184 839 1272 872; x_wconf 81' lang='lat' dir='ltr'>facta</span> 
     </span>
     <span class='ocr_line' id='line_1_13' title="bbox 287 886 1446 929; baseline 0.005 -13"><span class='ocrx_word' id='word_1_73' title='bbox 287 886 416 919; x_wconf 80' lang='lat' dir='ltr'>humilis</span> <span class='ocrx_word' id='word_1_74' title='bbox 445 888 614 929; x_wconf 83' lang='lat' dir='ltr'>exempla;</span> <span class='ocrx_word' id='word_1_75' title='bbox 993 889 1124 922; x_wconf 87' lang='lat' dir='ltr'>Christo</span> <span class='ocrx_word' id='word_1_76' title='bbox 1151 898 1271 929; x_wconf 83' lang='lat' dir='ltr'>sponsa</span> <span class='ocrx_word' id='word_1_77' title='bbox 1297 890 1446 929; x_wconf 78' lang='lat' dir='ltr'>pulchra.</span> 
     </span>
     <span class='ocr_line' id='line_1_14' title="bbox 198 964 1279 1009; baseline 0.002 -13"><span class='ocrx_word' id='word_1_78' title='bbox 198 966 260 997; x_wconf 84' lang='lat' dir='ltr'>5a.</span> <span class='ocrx_word' id='word_1_79' title='bbox 288 964 377 1004; x_wconf 86' lang='lat' dir='ltr'><strong>Quae</strong></span> <span class='ocrx_word' id='word_1_80' title='bbox 404 969 452 996; x_wconf 85' lang='lat' dir='ltr'>est</span> <span class='ocrx_word' id='word_1_81' title='bbox 480 966 560 998; x_wconf 85' lang='lat' dir='ltr'>haee</span> <span class='ocrx_word' id='word_1_82' title='bbox 586 966 723 1006; x_wconf 78' lang='lat' dir='ltr'>virgula,</span> <span class='ocrx_word' id='word_1_83' title='bbox 903 965 965 998; x_wconf 87' lang='lat' dir='ltr'>5b.</span> <span class='ocrx_word' id='word_1_84' title='bbox 993 967 1089 998; x_wconf 86' lang='lat' dir='ltr'>Turis</span> <span class='ocrx_word' id='word_1_85' title='bbox 1117 965 1279 1009; x_wconf 83' lang='lat' dir='ltr'>fumifera,</span> 
     </span>
     <span class='ocr_line' id='line_1_15' title="bbox 287 1014 1266 1054; baseline 0.003 -11"><span class='ocrx_word' id='word_1_86' title='bbox 287 1021 369 1052; x_wconf 75' lang='lat' dir='ltr'>quae</span> <span class='ocrx_word' id='word_1_87' title='bbox 396 1015 526 1046; x_wconf 84' lang='lat' dir='ltr'>scandit</span> <span class='ocrx_word' id='word_1_88' title='bbox 552 1014 674 1054; x_wconf 81' lang='lat' dir='ltr'>sidera,</span> <span class='ocrx_word' id='word_1_89' title='bbox 991 1015 1103 1046; x_wconf 87' lang='lat' dir='ltr'>odoris</span> <span class='ocrx_word' id='word_1_90' title='bbox 1129 1014 1266 1054; x_wconf 72' lang='lat' dir='ltr'>gerula?</span> 
     </span>
     <span class='ocr_line' id='line_1_16' title="bbox 193 1089 1378 1132; baseline 0.003 -12"><span class='ocrx_word' id='word_1_91' title='bbox 193 1091 258 1124; x_wconf 77' lang='lat' dir='ltr'>fia,</span> <span class='ocrx_word' id='word_1_92' title='bbox 286 1089 355 1121; x_wconf 78' lang='lat' dir='ltr'>Nos</span> <span class='ocrx_word' id='word_1_93' title='bbox 381 1089 529 1122; x_wconf 83' lang='lat' dir='ltr'>infundis</span> <span class='ocrx_word' id='word_1_94' title='bbox 557 1096 623 1130; x_wconf 73' lang='lat' dir='ltr'>tua,</span> <span class='ocrx_word' id='word_1_95' title='bbox 903 1091 962 1126; x_wconf 74' lang='lat' dir='ltr'>fib.</span> <span class='ocrx_word' id='word_1_96' title='bbox 992 1092 1107 1124; x_wconf 86' lang='lat' dir='ltr'>Nutris</span> <span class='ocrx_word' id='word_1_97' title='bbox 1133 1096 1230 1131; x_wconf 84' lang='lat' dir='ltr'>atque</span> <span class='ocrx_word' id='word_1_98' title='bbox 1255 1097 1378 1132; x_wconf 77' lang='lat' dir='ltr'>portas,</span> 
     </span>
     <span class='ocr_line' id='line_1_17' title="bbox 283 1138 1219 1179; baseline 0.004 -11"><span class='ocrx_word' id='word_1_99' title='bbox 283 1138 382 1179; x_wconf 86' lang='lat' dir='ltr'>plena</span> <span class='ocrx_word' id='word_1_100' title='bbox 403 1140 519 1179; x_wconf 82' lang='lat' dir='ltr'>gratia,</span> <span class='ocrx_word' id='word_1_101' title='bbox 991 1141 1062 1171; x_wconf 85' lang='lat' dir='ltr'>sinu</span> <span class='ocrx_word' id='word_1_102' title='bbox 1089 1141 1219 1172; x_wconf 81' lang='lat' dir='ltr'>educas.</span> 
     </span>
     <span class='ocr_line' id='line_1_18' title="bbox 194 1213 1384 1256; baseline 0.002 -8"><span class='ocrx_word' id='word_1_103' title='bbox 194 1217 253 1251; x_wconf 80' lang='lat' dir='ltr'>7a.</span> <span class='ocrx_word' id='word_1_104' title='bbox 283 1213 372 1256; x_wconf 82' lang='lat' dir='ltr'>Ergo</span> <span class='ocrx_word' id='word_1_105' title='bbox 399 1215 446 1247; x_wconf 86' lang='lat' dir='ltr'>tui</span> <span class='ocrx_word' id='word_1_106' title='bbox 473 1217 560 1248; x_wconf 86' lang='lat' dir='ltr'>servi</span> <span class='ocrx_word' id='word_1_107' title='bbox 903 1217 964 1250; x_wconf 89' lang='lat' dir='ltr'>7b.</span> <span class='ocrx_word' id='word_1_108' title='bbox 993 1218 1061 1249; x_wconf 88' lang='lat' dir='ltr'>Nos</span> <span class='ocrx_word' id='word_1_109' title='bbox 1088 1223 1121 1249; x_wconf 86' lang='lat' dir='ltr'>ut</span> <span class='ocrx_word' id='word_1_110' title='bbox 1149 1222 1254 1249; x_wconf 79' lang='lat' dir='ltr'>tecum</span> <span class='ocrx_word' id='word_1_111' title='bbox 1284 1219 1384 1251; x_wconf 79' lang='lat' dir='ltr'>simus</span> 
     </span>
     <span class='ocr_line' id='line_1_19' title="bbox 281 1263 1245 1305; baseline 0.003 -10"><span class='ocrx_word' id='word_1_112' title='bbox 281 1263 395 1296; x_wconf 81' lang='lat' dir='ltr'>damus</span> <span class='ocrx_word' id='word_1_113' title='bbox 421 1265 558 1305; x_wconf 81' lang='lat' dir='ltr'>cantica,</span> <span class='ocrx_word' id='word_1_114' title='bbox 990 1267 1072 1298; x_wconf 85' lang='lat' dir='ltr'>caeli</span> <span class='ocrx_word' id='word_1_115' title='bbox 1099 1267 1132 1298; x_wconf 84' lang='lat' dir='ltr'>in</span> <span class='ocrx_word' id='word_1_116' title='bbox 1159 1267 1245 1299; x_wconf 81' lang='lat' dir='ltr'>aula.</span> 
     </span>
     <span class='ocr_line' id='line_1_20' title="bbox 191 1342 1329 1386; baseline 0.003 -12"><span class='ocrx_word' id='word_1_117' title='bbox 191 1343 254 1376; x_wconf 81' lang='lat' dir='ltr'>Sa.</span> <span class='ocrx_word' id='word_1_118' title='bbox 283 1342 333 1375; x_wconf 90' lang='lat' dir='ltr'>lbi</span> <span class='ocrx_word' id='word_1_119' title='bbox 360 1348 409 1374; x_wconf 84' lang='lat' dir='ltr'>est</span> <span class='ocrx_word' id='word_1_120' title='bbox 437 1343 504 1374; x_wconf 78' lang='lat' dir='ltr'>vita</span> <span class='ocrx_word' id='word_1_121' title='bbox 532 1343 640 1383; x_wconf 74' lang='lat' dir='ltr'>beatu,</span> <span class='ocrx_word' id='word_1_122' title='bbox 901 1344 962 1378; x_wconf 85' lang='lat' dir='ltr'>8b.</span> <span class='ocrx_word' id='word_1_123' title='bbox 992 1345 1042 1377; x_wconf 90' lang='lat' dir='ltr'>Ibi</span> <span class='ocrx_word' id='word_1_124' title='bbox 1069 1344 1161 1377; x_wconf 78' lang='lat' dir='ltr'>nulla</span> <span class='ocrx_word' id='word_1_125' title='bbox 1186 1345 1329 1386; x_wconf 78' lang='lat' dir='ltr'>miseria,</span> 
     </span>
     <span class='ocr_line' id='line_1_21' title="bbox 282 1390 1185 1425; baseline 0.003 -3"><span class='ocrx_word' id='word_1_126' title='bbox 282 1390 328 1423; x_wconf 86' lang='lat' dir='ltr'>ibi</span> <span class='ocrx_word' id='word_1_127' title='bbox 355 1392 460 1423; x_wconf 78' lang='lat' dir='ltr'>sancti</span> <span class='ocrx_word' id='word_1_128' title='bbox 989 1393 1035 1424; x_wconf 91' lang='lat' dir='ltr'>ibi</span> <span class='ocrx_word' id='word_1_129' title='bbox 1063 1402 1185 1425; x_wconf 82' lang='lat' dir='ltr'>summe</span> 
     </span>
     <span class='ocr_line' id='line_1_22' title="bbox 282 1440 1246 1483; baseline 0.005 -14"><span class='ocrx_word' id='word_1_130' title='bbox 282 1443 461 1480; x_wconf 76' lang='lat' dir='ltr'>pascuntur</span> <span class='ocrx_word' id='word_1_131' title='bbox 487 1440 631 1483; x_wconf 82' lang='lat' dir='ltr'>iustitia;</span> <span class='ocrx_word' id='word_1_132' title='bbox 991 1441 1101 1474; x_wconf 84' lang='lat' dir='ltr'>felicia</span> <span class='ocrx_word' id='word_1_133' title='bbox 1127 1443 1246 1482; x_wconf 78' lang='lat' dir='ltr'>gaudia</span> 
     </span>
    </p>
   </div>
   <div class='ocr_carea' id='block_1_3' title="bbox 598 1518 1050 1607">
    <p class='ocr_par' dir='ltr' id='par_1_3' title="bbox 598 1518 1050 1607">
     <span class='ocr_line' id='line_1_23' title="bbox 598 1518 1050 1560; baseline 0.002 -10"><span class='ocrx_word' id='word_1_134' title='bbox 598 1519 630 1550; x_wconf 89' lang='lat'>9.</span> <span class='ocrx_word' id='word_1_135' title='bbox 657 1518 707 1550; x_wconf 90' lang='lat' dir='ltr'>Ibi</span> <span class='ocrx_word' id='word_1_136' title='bbox 734 1528 791 1550; x_wconf 87' lang='lat' dir='ltr'>nos</span> <span class='ocrx_word' id='word_1_137' title='bbox 818 1524 924 1550; x_wconf 81' lang='lat' dir='ltr'>tecum</span> <span class='ocrx_word' id='word_1_138' title='bbox 952 1520 1050 1560; x_wconf 84' lang='lat' dir='ltr'>socia,</span> 
     </span>
     <span class='ocr_line' id='line_1_24' title="bbox 661 1568 856 1607; baseline 0.005 -9"><span class='ocrx_word' id='word_1_139' title='bbox 661 1571 766 1599; x_wconf 83' lang='lat' dir='ltr'>mater</span> <span class='ocrx_word' id='word_1_140' title='bbox 792 1568 856 1607; x_wconf 84' lang='lat' dir='ltr'>pia.</span> 
     </span>
    </p>
   </div>
   <div class='ocr_carea' id='block_1_4' title="bbox 179 1633 1539 1863">
    <p class='ocr_par' dir='ltr' id='par_1_4' title="bbox 179 1633 1539 1863">
     <span class='ocr_line' id='line_1_25' title="bbox 259 1633 1538 1670; baseline 0 -9"><span class='ocrx_word' id='word_1_141' title='bbox 259 1634 350 1669; x_wconf 78' lang='lat' dir='ltr'>Trop.</span> <span class='ocrx_word' id='word_1_142' title='bbox 372 1641 426 1663; x_wconf 67' lang='grc' dir='ltr'>ωε.</span> <span class='ocrx_word' id='word_1_143' title='bbox 449 1635 619 1662; x_wconf 61' lang='lat' dir='ltr'>cananense</span> <span class='ocrx_word' id='word_1_144' title='bbox 640 1642 718 1662; x_wconf 76' lang='lat' dir='ltr'>saec.</span> <span class='ocrx_word' id='word_1_145' title='bbox 742 1633 786 1662; x_wconf 82' lang='lat'>12.</span> <span class='ocrx_word' id='word_1_146' title='bbox 822 1634 894 1662; x_wconf 81' lang='lat' dir='ltr'>cod.</span> <span class='ocrx_word' id='word_1_147' title='bbox 915 1635 1068 1662; x_wconf 73' lang='lat' dir='ltr'>Matriten.</span> <span class='ocrx_word' id='word_1_148' title='bbox 1087 1635 1223 1669; x_wconf 74' lang='lat' dir='ltr'>(Colleet.</span> <span class='ocrx_word' id='word_1_149' title='bbox 1242 1635 1390 1670; x_wconf 74' lang='lat' dir='ltr'>Barbieri)</span> <span class='ocrx_word' id='word_1_150' title='bbox 1411 1643 1434 1661; x_wconf 81' lang='lat' dir='ltr'>s.</span> <span class='ocrx_word' id='word_1_151' title='bbox 1455 1644 1485 1661; x_wconf 82' lang='lat' dir='ltr'>n.</span> <span class='ocrx_word' id='word_1_152' title='bbox 1499 1650 1538 1653; x_wconf 97' lang='lat'><strong>—</strong></span> 
     </span>
     <span class='ocr_line' id='line_1_26' title="bbox 184 1671 1536 1708; baseline 0.002 -9"><span class='ocrx_word' id='word_1_153' title='bbox 184 1671 237 1705; x_wconf 86' lang='lat' dir='ltr'>la,</span> <span class='ocrx_word' id='word_1_154' title='bbox 259 1671 278 1700; x_wconf 89' lang='lat'>2</span> <span class='ocrx_word' id='word_1_155' title='bbox 309 1680 389 1700; x_wconf 81' lang='lat' dir='ltr'>aure.</span> <span class='ocrx_word' id='word_1_156' title='bbox 413 1689 449 1692; x_wconf 94' lang='lat'>—</span> <span class='ocrx_word' id='word_1_157' title='bbox 471 1672 524 1706; x_wconf 80' lang='lat' dir='ltr'>4a,</span> <span class='ocrx_word' id='word_1_158' title='bbox 546 1672 564 1701; x_wconf 83' lang='lat'><strong>2</strong></span> <span class='ocrx_word' id='word_1_159' title='bbox 585 1674 643 1708; x_wconf 87' lang='lat' dir='ltr'>pie.</span> <span class='ocrx_word' id='word_1_160' title='bbox 667 1690 704 1694; x_wconf 83' lang='lat'>—-</span> <span class='ocrx_word' id='word_1_161' title='bbox 726 1672 780 1707; x_wconf 74' lang='lat' dir='ltr'>Sa,</span> <span class='ocrx_word' id='word_1_162' title='bbox 804 1672 822 1701; x_wconf 88' lang='grc'>2</span> <span class='ocrx_word' id='word_1_163' title='bbox 849 1674 909 1701; x_wconf 89' lang='lat' dir='ltr'>ubi.</span> <span class='ocrx_word' id='word_1_164' title='bbox 932 1689 970 1692; x_wconf 97' lang='lat'><strong>—</strong></span> <span class='ocrx_word' id='word_1_165' title='bbox 991 1675 1121 1702; x_wconf 81' lang='lat' dir='ltr'>Melodie</span> <span class='ocrx_word' id='word_1_166' title='bbox 1143 1675 1290 1702; x_wconf 82' lang='lat' dir='ltr'>offenbar:</span> <span class='ocrx_word' id='word_1_167' title='bbox 1322 1675 1401 1701; x_wconf 85' lang='lat' dir='ltr'>Hac</span> <span class='ocrx_word' id='word_1_168' title='bbox 1428 1674 1536 1702; x_wconf 82' lang='lat' dir='ltr'>clara</span> 
     </span>
     <span class='ocr_line' id='line_1_27' title="bbox 181 1711 1539 1749; baseline 0.001 -10"><span class='ocrx_word' id='word_1_169' title='bbox 181 1712 243 1739; x_wconf 87' lang='lat' dir='ltr'>die</span> <span class='ocrx_word' id='word_1_170' title='bbox 272 1715 392 1740; x_wconf 83' lang='lat' dir='ltr'>turma</span> <span class='ocrx_word' id='word_1_171' title='bbox 417 1712 516 1743; x_wconf 85' lang='lat' dir='ltr'>(Anal.</span> <span class='ocrx_word' id='word_1_172' title='bbox 539 1713 612 1744; x_wconf 83' lang='lat' dir='ltr'>VII,</span> <span class='ocrx_word' id='word_1_173' title='bbox 642 1713 693 1740; x_wconf 89' lang='lat' dir='ltr'>Nr.</span> <span class='ocrx_word' id='word_1_174' title='bbox 724 1711 804 1747; x_wconf 74' lang='lat' dir='ltr'>lOl);</span> <span class='ocrx_word' id='word_1_175' title='bbox 834 1713 923 1741; x_wconf 78' lang='lat' dir='ltr'>endet</span> <span class='ocrx_word' id='word_1_176' title='bbox 949 1713 1016 1740; x_wconf 83' lang='lat' dir='ltr'>dort</span> <span class='ocrx_word' id='word_1_177' title='bbox 1043 1714 1131 1749; x_wconf 79' lang='lat' dir='ltr'>jede</span> <span class='ocrx_word' id='word_1_178' title='bbox 1154 1714 1278 1741; x_wconf 82' lang='lat' dir='ltr'>Klausel</span> <span class='ocrx_word' id='word_1_179' title='bbox 1301 1713 1355 1740; x_wconf 87' lang='lat' dir='ltr'>auf</span> <span class='ocrx_word' id='word_1_180' title='bbox 1373 1720 1407 1745; x_wconf 66' lang='lat' dir='ltr'>a,</span> <span class='ocrx_word' id='word_1_181' title='bbox 1437 1722 1469 1740; x_wconf 80' lang='lat' dir='ltr'>so</span> <span class='ocrx_word' id='word_1_182' title='bbox 1499 1715 1539 1741; x_wconf 86' lang='lat' dir='ltr'>ist</span> 
     </span>
     <span class='ocr_line' id='line_1_28' title="bbox 179 1751 1539 1788; baseline 0.001 -10"><span class='ocrx_word' id='word_1_183' title='bbox 179 1751 244 1779; x_wconf 85' lang='lat' dir='ltr'>dies</span> <span class='ocrx_word' id='word_1_184' title='bbox 272 1751 336 1779; x_wconf 85' lang='lat' dir='ltr'>hier</span> <span class='ocrx_word' id='word_1_185' title='bbox 363 1752 456 1788; x_wconf 81' lang='lat' dir='ltr'>Regel</span> <span class='ocrx_word' id='word_1_186' title='bbox 483 1753 537 1779; x_wconf 82' lang='lat' dir='ltr'>mit</span> <span class='ocrx_word' id='word_1_187' title='bbox 565 1751 767 1779; x_wconf 82' lang='lat' dir='ltr'>Ausnahmeu.</span> <span class='ocrx_word' id='word_1_188' title='bbox 801 1768 838 1772; x_wconf 94' lang='lat'>——</span> <span class='ocrx_word' id='word_1_189' title='bbox 869 1752 911 1778; x_wconf 93' lang='lat' dir='ltr'>Zu</span> <span class='ocrx_word' id='word_1_190' title='bbox 937 1753 1059 1780; x_wconf 75' lang='lat' dir='ltr'>Grande</span> <span class='ocrx_word' id='word_1_191' title='bbox 1089 1753 1161 1788; x_wconf 84' lang='lat' dir='ltr'>liegt</span> <span class='ocrx_word' id='word_1_192' title='bbox 1189 1753 1241 1780; x_wconf 81' lang='lat' dir='ltr'>der</span> <span class='ocrx_word' id='word_1_193' title='bbox 1271 1754 1362 1785; x_wconf 74' lang='lat' dir='ltr'>Text⁷</span> <span class='ocrx_word' id='word_1_194' title='bbox 1401 1754 1456 1780; x_wconf 81' lang='lat' dir='ltr'>wie</span> <span class='ocrx_word' id='word_1_195' title='bbox 1486 1753 1539 1780; x_wconf 85' lang='lat' dir='ltr'>ihu</span> 
     </span>
     <span class='ocr_line' id='line_1_29' title="bbox 179 1788 1538 1828; baseline 0.001 -11"><span class='ocrx_word' id='word_1_196' title='bbox 179 1790 407 1818; x_wconf 59' lang='lat' dir='ltr'>Misset-lVeale</span> <span class='ocrx_word' id='word_1_197' title='bbox 433 1791 493 1826; x_wconf 81' lang='grc' dir='ltr'>(ΙΙ,</span> <span class='ocrx_word' id='word_1_198' title='bbox 523 1792 573 1819; x_wconf 88' lang='lat' dir='ltr'>Nr.</span> <span class='ocrx_word' id='word_1_199' title='bbox 596 1788 667 1824; x_wconf 80' lang='lat'>830)</span> <span class='ocrx_word' id='word_1_200' title='bbox 696 1792 804 1819; x_wconf 86' lang='lat' dir='ltr'>bieten.</span> <span class='ocrx_word' id='word_1_201' title='bbox 834 1807 870 1812; x_wconf 49' lang='lat'>*—</span> <span class='ocrx_word' id='word_1_202' title='bbox 902 1791 969 1828; x_wconf 83' lang='lat' dir='ltr'>Vgl.</span> <span class='ocrx_word' id='word_1_203' title='bbox 999 1792 1047 1820; x_wconf 84' lang='lat' dir='ltr'>die</span> <span class='ocrx_word' id='word_1_204' title='bbox 1078 1795 1214 1828; x_wconf 66' lang='lat' dir='ltr'>Sequenz</span> <span class='ocrx_word' id='word_1_205' title='bbox 1249 1792 1439 1828; x_wconf 75' lang='lat' dir='ltr'>„Sophistica</span> <span class='ocrx_word' id='word_1_206' title='bbox 1460 1801 1538 1819; x_wconf 88' lang='lat' dir='ltr'>nunc</span> 
     </span>
     <span class='ocr_line' id='line_1_30' title="bbox 181 1828 800 1863; baseline 0.003 -7"><span class='ocrx_word' id='word_1_207' title='bbox 181 1828 354 1857; x_wconf 78' lang='lat' dir='ltr'>catervula“</span> <span class='ocrx_word' id='word_1_208' title='bbox 376 1830 440 1862; x_wconf 83' lang='lat' dir='ltr'><strong>(Nr.</strong></span> <span class='ocrx_word' id='word_1_209' title='bbox 464 1828 520 1857; x_wconf 75' lang='lat'>223</span> <span class='ocrx_word' id='word_1_210' title='bbox 541 1831 640 1858; x_wconf 80' lang='lat' dir='ltr'>dieses</span> <span class='ocrx_word' id='word_1_211' title='bbox 662 1831 800 1863; x_wconf 80' lang='lat' dir='ltr'>Bandes).</span> 
     </span>
    </p>
   </div>
   <div class='ocr_carea' id='block_1_5' title="bbox 617 1953 1097 1985">
    <p class='ocr_par' dir='ltr' id='par_1_5' title="bbox 617 1953 1097 1985">
     <span class='ocr_line' id='line_1_31' title="bbox 617 1953 1097 1985; baseline 0.004 -2"><span class='ocrx_word' id='word_1_212' title='bbox 617 1953 666 1984; x_wconf 84' lang='lat'>60.</span> <span class='ocrx_word' id='word_1_213' title='bbox 698 1954 732 1985; x_wconf 90' lang='lat' dir='ltr'>ln</span> <span class='ocrx_word' id='word_1_214' title='bbox 758 1953 984 1985; x_wconf 77' lang='lat' dir='ltr'>Purificatione</span> <span class='ocrx_word' id='word_1_215' title='bbox 1007 1954 1097 1985; x_wconf 85' lang='lat' dir='ltr'><strong>BMV.</strong></span> 
     </span>
    </p>
   </div>
   <div class='ocr_carea' id='block_1_6' title="bbox 548 2036 1210 2126">
    <p class='ocr_par' dir='ltr' id='par_1_6' title="bbox 548 2036 1210 2126">
     <span class='ocr_line' id='line_1_32' title="bbox 548 2036 1210 2077; baseline -0.002 -8"><span class='ocrx_word' id='word_1_216' title='bbox 548 2038 579 2070; x_wconf 91' lang='lat'>1.</span> <span class='ocrx_word' id='word_1_217' title='bbox 608 2036 634 2068; x_wconf 96' lang='grc' dir='ltr'><strong>Ο</strong></span> <span class='ocrx_word' id='word_1_218' title='bbox 660 2046 754 2077; x_wconf 83' lang='lat' dir='ltr'>quam</span> <span class='ocrx_word' id='word_1_219' title='bbox 782 2040 907 2075; x_wconf 81' lang='lat' dir='ltr'>sancta,</span> <span class='ocrx_word' id='word_1_220' title='bbox 936 2046 1031 2076; x_wconf 82' lang='lat' dir='ltr'>quam</span> <span class='ocrx_word' id='word_1_221' title='bbox 1059 2036 1210 2077; x_wconf 86' lang='lat' dir='ltr'>benigna,</span> 
     </span>
     <span class='ocr_line' id='line_1_33' title="bbox 609 2083 1061 2126; baseline 0.002 -10"><span class='ocrx_word' id='word_1_222' title='bbox 609 2083 713 2126; x_wconf 85' lang='lat' dir='ltr'>fulget</span> <span class='ocrx_word' id='word_1_223' title='bbox 738 2090 843 2118; x_wconf 85' lang='lat' dir='ltr'>mater</span> <span class='ocrx_word' id='word_1_224' title='bbox 870 2085 1061 2117; x_wconf 69' lang='lat' dir='ltr'>salvatoris!</span> 
     </span>
    </p>
   </div>
   <div class='ocr_carea' id='block_1_7' title="bbox 185 2157 1474 2480">
    <p class='ocr_par' dir='ltr' id='par_1_7' title="bbox 185 2157 1474 2480">
     <span class='ocr_line' id='line_1_34' title="bbox 187 2157 1468 2205; baseline -0.003 -8"><span class='ocrx_word' id='word_1_225' title='bbox 187 2165 249 2197; x_wconf 86' lang='lat' dir='ltr'>2a.</span> <span class='ocrx_word' id='word_1_226' title='bbox 277 2162 392 2196; x_wconf 88' lang='lat' dir='ltr'>Laude</span> <span class='ocrx_word' id='word_1_227' title='bbox 415 2163 524 2204; x_wconf 84' lang='lat' dir='ltr'>plena,</span> <span class='ocrx_word' id='word_1_228' title='bbox 553 2162 645 2204; x_wconf 82' lang='lat' dir='ltr'>virgo</span> <span class='ocrx_word' id='word_1_229' title='bbox 673 2163 781 2205; x_wconf 74' lang='lat' dir='ltr'>digna,</span> <span class='ocrx_word' id='word_1_230' title='bbox 897 2163 956 2197; x_wconf 87' lang='lat' dir='ltr'>2b.</span> <span class='ocrx_word' id='word_1_231' title='bbox 984 2163 1186 2203; x_wconf 83' lang='lat' dir='ltr'>Angelorum</span> <span class='ocrx_word' id='word_1_232' title='bbox 1210 2157 1277 2205; x_wconf 78' lang='lat' dir='ltr'>[tu]</span> <span class='ocrx_word' id='word_1_233' title='bbox 1306 2162 1468 2204; x_wconf 74' lang='lat' dir='ltr'>gaudium,</span> 
     </span>
     <span class='ocr_line' id='line_1_35' title="bbox 276 2208 1474 2256; baseline -0.003 -11"><span class='ocrx_word' id='word_1_234' title='bbox 276 2212 377 2245; x_wconf 85' lang='lat' dir='ltr'>archa</span> <span class='ocrx_word' id='word_1_235' title='bbox 404 2212 485 2253; x_wconf 82' lang='lat' dir='ltr'>Noe,</span> <span class='ocrx_word' id='word_1_236' title='bbox 515 2211 613 2246; x_wconf 86' lang='lat' dir='ltr'>Iacob</span> <span class='ocrx_word' id='word_1_237' title='bbox 637 2212 736 2252; x_wconf 86' lang='lat' dir='ltr'>scala,</span> <span class='ocrx_word' id='word_1_238' title='bbox 984 2208 1099 2256; x_wconf 84' lang='lat' dir='ltr'>[quae]</span> <span class='ocrx_word' id='word_1_239' title='bbox 1131 2210 1255 2241; x_wconf 79' lang='lat' dir='ltr'>lactans</span> <span class='ocrx_word' id='word_1_240' title='bbox 1283 2210 1343 2241; x_wconf 90' lang='lat' dir='ltr'>Dei</span> <span class='ocrx_word' id='word_1_241' title='bbox 1372 2210 1474 2242; x_wconf 78' lang='lat' dir='ltr'>filium</span> 
     </span>
     <span class='ocr_line' id='line_1_36' title="bbox 325 2257 1433 2303; baseline -0.001 -10"><span class='ocrx_word' id='word_1_242' title='bbox 325 2261 492 2293; x_wconf 81' lang='lat' dir='ltr'>vasculum</span> <span class='ocrx_word' id='word_1_243' title='bbox 520 2261 667 2302; x_wconf 85' lang='lat' dir='ltr'>pudoris,</span> <span class='ocrx_word' id='word_1_244' title='bbox 1034 2257 1110 2303; x_wconf 80' lang='lat' dir='ltr'>[es]‚</span> <span class='ocrx_word' id='word_1_245' title='bbox 1138 2267 1245 2298; x_wconf 82' lang='lat' dir='ltr'>regem</span> <span class='ocrx_word' id='word_1_246' title='bbox 1272 2260 1433 2301; x_wconf 87' lang='lat' dir='ltr'>omnium;</span> 
     </span>
     <span class='ocr_line' id='line_1_37' title="bbox 323 2307 1418 2352; baseline -0.001 -10"><span class='ocrx_word' id='word_1_247' title='bbox 323 2311 411 2342; x_wconf 87' lang='lat' dir='ltr'>Aula</span> <span class='ocrx_word' id='word_1_248' title='bbox 436 2311 668 2352; x_wconf 84' lang='lat' dir='ltr'>redemptoris,</span> <span class='ocrx_word' id='word_1_249' title='bbox 1031 2308 1131 2351; x_wconf 84' lang='lat' dir='ltr'>Audi,</span> <span class='ocrx_word' id='word_1_250' title='bbox 1160 2307 1248 2338; x_wconf 82' lang='lat' dir='ltr'>salus</span> <span class='ocrx_word' id='word_1_251' title='bbox 1274 2309 1418 2348; x_wconf 84' lang='lat' dir='ltr'>gentium</span> 
     </span>
     <span class='ocr_line' id='line_1_38' title="bbox 323 2357 1441 2400; baseline 0 -9"><span class='ocrx_word' id='word_1_252' title='bbox 323 2359 424 2392; x_wconf 86' lang='lat' dir='ltr'>totius</span> <span class='ocrx_word' id='word_1_253' title='bbox 451 2358 524 2392; x_wconf 84' lang='lat' dir='ltr'>fons</span> <span class='ocrx_word' id='word_1_254' title='bbox 552 2359 717 2400; x_wconf 82' lang='lat' dir='ltr'>dulcoris3</span> <span class='ocrx_word' id='word_1_255' title='bbox 1032 2365 1148 2397; x_wconf 87' lang='lat' dir='ltr'>preces</span> <span class='ocrx_word' id='word_1_256' title='bbox 1175 2357 1441 2396; x_wconf 82' lang='lat' dir='ltr'>supplicantium.</span> 
     </span>
     <span class='ocr_line' id='line_1_39' title="bbox 185 2435 1226 2480; baseline -0.007 -7"><span class='ocrx_word' id='word_1_257' title='bbox 185 2440 250 2473; x_wconf 69' lang='lat'>32.</span> <span class='ocrx_word' id='word_1_258' title='bbox 279 2439 361 2480; x_wconf 83' lang='lat' dir='ltr'>Ave,</span> <span class='ocrx_word' id='word_1_259' title='bbox 388 2438 481 2480; x_wconf 88' lang='lat' dir='ltr'>virga</span> <span class='ocrx_word' id='word_1_260' title='bbox 896 2435 956 2469; x_wconf 88' lang='lat' dir='ltr'>3b.</span> <span class='ocrx_word' id='word_1_261' title='bbox 984 2435 1090 2475; x_wconf 89' lang='lat' dir='ltr'>Super</span> <span class='ocrx_word' id='word_1_262' title='bbox 1115 2443 1226 2467; x_wconf 88' lang='lat' dir='ltr'>omues</span> 
     </span>
    </p>
   </div>
   <div class='ocr_carea' id='block_1_8' title="bbox 327 2483 1243 2529">
    <p class='ocr_par' dir='ltr' id='par_1_8' title="bbox 327 2483 1243 2529">
     <span class='ocr_line' id='line_1_40' title="bbox 327 2483 1243 2529; baseline -0.001 -11"><span class='ocrx_word' id='word_1_263' title='bbox 327 2486 416 2518; x_wconf 85' lang='lat' dir='ltr'>Iesse</span> <span class='ocrx_word' id='word_1_264' title='bbox 443 2487 572 2529; x_wconf 90' lang='lat' dir='ltr'>nobilis,</span> <span class='ocrx_word' id='word_1_265' title='bbox 1036 2483 1243 2517; x_wconf 82' lang='lat' dir='ltr'>venerabilis.</span> 
     </span>
    </p>
   </div>
  </div>
 </body>
</html>
