1654 2756
672 162 936 197 —115—

143 256 163 288 5
175 264 204 288 a.
234 255 318 290 Nam
333 259 397 290 scis
412 263 443 290 et
461 258 521 302 vis,
535 262 572 292 ut
580 261 665 303 quie,
680 269 739 302 per
747 264 780 292 te
849 260 912 294 5b.
939 260 1012 301 Eia,
1040 260 1122 293 iram
1149 259 1218 291 eius
1246 262 1348 298 verte,

279 305 383 340 Natos
410 306 519 340 facere
546 309 743 350 concordes;
987 309 1057 348 Qua
1084 307 1202 341 fuimus
1230 305 1410 340 discordes,

147 388 208 423 fia.
235 389 346 429 Atque
372 389 578 424 benedictum
607 389 747 423 fructum
851 390 911 424 6b.
940 391 966 423 Ο
994 390 1067 422 Iesu
1093 389 1216 432 gerula,
1246 387 1390 432 [ductum

280 437 342 470 Tui
369 438 494 471 ventris
519 438 699 479 propitium
722 440 728 443 ⁷
987 434 1106 482 Nobis]
1134 441 1209 479 post
1234 438 1296 470 hoc
1323 436 1477 469 exsilium

328 486 492 526 ostende;
1038 483 1240 530 [Impende].

142 565 204 598 7a.
232 566 258 598 Ο
286 565 440 607 clemens,
468 566 588 599 rubens
616 567 736 608 rosula,
849 567 910 600 7b.
939 567 965 601 O
991 567 1056 609 pia,
1086 568 1183 608 mitis,
1212 567 1342 600 humilis

276 613 482 647 clementiam
508 615 658 655 ostende,
985 615 1171 647 labentibus
1200 615 1364 655 impende.

139 696 203 729 ea.
229 696 255 729 Ο
284 695 401 736 dulcis,
429 695 503 729 fave
531 697 682 738 dulciter,
847 697 908 731 eb.
936 697 961 730 O
989 697 1104 740 duleis,
1132 696 1196 738 fac,
1224 706 1264 730 ne
1291 698 1402 730 laedat
1423 708 1482 731 nos

276 746 360 785 Iesu,
388 746 503 778 matris
531 754 638 786 prece,
986 747 1071 779 mala
1097 746 1166 778 lues
1194 755 1281 781 nece.

209 823 293 851 Miss.
309 832 361 850 ms.
376 821 555 852 Pataviense
570 833 646 852 saec.
662 823 705 852 15.
738 824 809 851 Cod.
833 825 972 852 Rossian.
985 825 1011 852 X
1028 822 1090 852 158.
1108 840 1144 845 —
1166 822 1215 856 la.
1232 823 1249 852 6
1265 823 1436 852 Collerium.
1447 839 1483 842 —

136 860 188 895 lb,
211 859 228 889 2
257 866 353 890 tecum
385 865 526 890 monstra.
549 877 585 882 -—
608 861 661 895 2a,
686 862 698 890 1
729 862 854 892 dulcedo
882 864 954 892 vita.
978 877 1010 882 —-
1032 861 1084 894 8a,
1111 862 1123 890 1
1147 863 1232 891 dulce
1254 872 1327 891 cane
1349 863 1484 895 dulciter.

135 909 196 928 was
217 910 294 937 ganz
316 902 562 930 unverstiindlich
579 901 737 930 erscheint,
753 919 789 922 —
811 900 865 935 810,
882 900 900 930 2
921 903 999 930 mala
1016 911 1070 930 sua
1086 911 1166 930 nece.
1182 917 1213 922 —
1236 904 1271 930 In
1286 903 1334 930 die
1349 903 1485 938 Sequenz

133 940 173 966 ist
193 940 245 968 der
265 941 341 968 Text
363 941 415 968 der
436 941 736 976 Marien-Antiphon
761 940 889 976 „Salve
911 940 1063 977 regina“
1087 942 1288 978 eingewoben.

602 1075 659 1106 115.
693 1075 733 1106 De
755 1074 854 1106 Beata
876 1075 979 1106 Maria
1002 1075 1036 1105 V.

545 1156 575 1188 1.
603 1155 744 1188 Pulchra
772 1155 856 1196 regis
885 1156 984 1198 regia,

603 1204 730 1245 Regens
758 1210 923 1245 regentem
952 1206 1071 1247 omnia,

144 1287 204 1320 22.
234 1286 346 1319 Proles
372 1287 476 1329 gignit
502 1287 663 1320 Davidica
848 1288 906 1323 2b.
937 1288 1053 1330 Maria,
1082 1297 1157 1328 spes
1186 1287 1342 1331 fidelium,

231 1335 394 1369 Christum
424 1337 544 1369 virtute
571 1337 702 1379 caelica,
940 1337 1030 1369 Parit
1056 1340 1183 1377 patrem
1212 1342 1241 1369 et
1269 1336 1369 1369 filiuni

282 1384 394 1416 Virilis
420 1389 527 1417 taetus
551 1387 679 1420 nescim
990 1385 1110 1418 Illaesa
1134 1386 1304 1426 pudicitia.

147 1467 207 1500 3a.
235 1467 325 1499 Haec
351 1472 401 1500 est
427 1468 539 1509 regina
566 1470 720 1512 gentium,
845 1467 908 1501 3b.
937 1468 1027 1500 Haec
1054 1474 1103 1500 est
1130 1470 1222 1508 virgo
1250 1478 1424 1510 puerpera,

233 1518 321 1555 Quae
348 1516 422 1548 labe
449 1520 538 1549 caret
566 1517 746 1560 criminum,
938 1516 1027 1556 Quae
1054 1517 1174 1549 mundo
1203 1516 1373 1550 salutifera

283 1564 405 1598 Nostra
431 1570 550 1605 purgat
577 1566 745 1607 contagia3
988 1565 1111 1598 Reddit
1137 1566 1257 1597 amissa
1282 1566 1412 1605 gaudi-a.

145 1650 207 1682 45.
236 1647 417 1680 psallamus
443 1649 548 1689 patris
573 1649 666 1688 solio,
845 1648 907 1681 4b.
937 1648 1026 1681 Patri
1053 1657 1186 1680 serenas
1212 1649 1378 1690 supplices

232 1695 407 1738 Unigenito
433 1696 511 1736 filio,
939 1697 1068 1731 Laudes
1097 1698 1208 1729 demus
1236 1698 1443 1740 multiplices,

280 1746 341 1785 Qui
367 1753 462 1779 natus
490 1750 539 1778 est
566 1746 606 1779 de
633 1745 711 1779 filia.
987 1747 1050 1779 Per
1075 1755 1169 1787 quem
1197 1746 1277 1779 fiunt
1303 1747 1475 1788 magnalia.

135 1858 155 1889 4
211 1822 335 1889 folletot:
356 1832 410 1851 ms.
432 1823 607 1852 Mellieense
628 1833 706 1852 saec.
730 1822 774 1851 15.
809 1823 883 1852 Cod.
904 1824 1056 1852 Meliieen.
1076 1821 1144 1852 932.
1166 1838 1200 1843 -
1223 1822 1278 1856 Ἡ),
1293 1822 1311 1851 2
1333 1826 1428 1852 Paris.
1448 1840 1481 1842 —

161 1869 188 1894 a,
250 1871 286 1898 pa
303 1871 338 1889 ri.

591 1958 647 1990 118.
680 1958 723 1990 De
744 1958 846 1991 Beata
867 1958 971 1990 Maria
993 1958 1028 1990 V.

146 2039 204 2074 la.
234 2039 339 2083 Salve,
369 2040 460 2082 virgo
487 2041 671 2082 singularis,
846 2041 904 2075 1b.
933 2042 1019 2075 Rore
1046 2042 1127 2074 caeli
1156 2041 1354 2083 fecundaris,

233 2089 339 2130 Virga
364 2090 464 2132 Iesse,
493 2091 588 2123 steila
613 2091 722 2134 mariS,
935 2092 1035 2133 Virgo
1061 2099 1195 2122 manens
1222 2090 1324 2121 Deum
1353 2091 1455 2132 paris,

283 2139 358 2170 Veri
386 2139 464 2171 solis
491 2139 624 2180 nuntia3
983 2140 1171 2172 Genitorem
1199 2138 1276 2170 filia.

141 2223 201 2257 2a.
231 2221 338 2263 Supra
363 2231 484 2255 morem
513 2222 604 2266 virgo
627 2223 764 2264 prolem,
847 2223 906 2257 2b.
934 2223 1044 2254 Mater
1070 2222 1137 2253 veri
1166 2221 1359 2262 Salomonis,

233 2271 333 2313 Virga
359 2270 483 2315 florem,
512 2272 609 2305 stella
636 2272 737 2306 solem
936 2271 1039 2304 Tuum
1067 2275 1196 2311 partum
1218 2270 1356 2303 laudant
1387 2271 1480 2304 donis

278 2319 425 2362 Profers,
454 2321 552 2362 plena
577 2323 694 2362 gratia.
985 2320 1074 2361 Magi
1101 2320 1197 2352 stella
1223 2320 1369 2361 praevia.

141 2405 202 2439 3a.
231 2404 295 2438 Per
321 2407 354 2436 te
379 2403 513 2437 verbum
538 2404 742 2438 incarnatum
845 2403 906 2438 3b.
936 2404 1000 2436 Per
1026 2406 1058 2434 te
1086 2402 1223 2436 formam
1251 2403 1337 2437 servi
1363 2403 1452 2437 Deus

231 2454 336 2487 Senex
363 2453 467 2486 iustus
494 2457 720 2496 exspectatum
939 2452 1053 2493 Sumit,
1083 2455 1118 2485 ut
1141 2453 1286 2485 solvatur
1313 2462 1404 2494 reus,

282 2503 396 2536 Portat
421 2502 508 2535 inter
533 2502 689 2543 brachia3
988 2502 1014 2535 Ο
1041 2501 1124 2534 mira
1151 2502 1338 2536 clementia!

1261 2559 1306 2589 8*
