1654 2756
204 275 265 307 22.

202 497 260 528 33.

201 719 264 748 48.

200 941 261 969 53..

738 168 1000 204 -192—

300 273 419 312 David,
444 272 535 303 miris
559 269 742 310 insignitus,

301 322 354 354 Sic
372 323 555 362 praenotus,
583 318 630 349 sic
647 314 837 359 praescitus,

299 371 385 402 Mira
412 367 499 405 facit,
528 376 601 398 uam
627 364 756 398 auditus

347 416 469 449 Reddit
495 419 527 446 et
553 414 690 454 eloquia.

299 496 433 528 Samson
457 501 532 524 ense
558 492 763 530 Philistae0s‚

297 544 362 576 Iste
389 541 487 573 verbo
512 540 703 573 Pharisaeos

299 591 394 626 Vicit,
423 590 504 621 tales
531 590 587 621 dat
613 593 765 628 tropaeos

345 638 464 670 Divina
490 637 644 677 potentia.

300 716 434 748 Laetum
453 715 558 746 nautis
578 715 676 746 mittit
695 718 835 754 ventum,

299 765 435 804 Captum
469 763 565 794 solvit
591 767 623 794 et
650 764 833 801 detentum3

295 813 439 844 Mentem
466 811 573 851 fixam‚
601 821 656 843 cor
677 811 835 842 intentum

347 860 466 892 Christi
492 859 586 891 iussis
613 858 773 899 praebuit.

298 936 499 973 Consolatur‚
529 937 555 968 si
583 937 738 977 dolemus,

298 987 401 1024 Iuvat,
429 988 523 1023 astat,
551 985 577 1016 si
604 986 771 1025 timemus;

297 1033 384 1073 Ergo
411 1041 538 1072 semper
563 1033 771 1073 imploremus

345 1081 423 1112 Eius
449 1081 641 1121 patrocinia.

897 267 963 299 2b.
996 266 1078 299 Visu
1102 267 1220 310 laesus,
1246 269 1332 310 pede
1355 269 1464 310 tritus,

994 314 1058 346 Hic
1085 315 1251 349 confessus
1275 321 1308 350 et
1333 317 1492 350 contritus

995 363 1096 403 Opem
1123 365 1209 405 capit
1236 366 1408 405 expeditus

1043 412 1160 445 Poenis
1187 417 1219 445 et
1245 414 1403 453 angustia.

897 491 960 525 3b.
997 491 1202 524 Praedicavit
1229 495 1341 523 contra
1368 491 1457 531 deos,

994 539 1085 571 Mitis
1113 543 1182 572 erat
1209 549 1285 580 erga
1316 548 1398 582 reos,

996 588 1121 620 Tristes
1148 587 1227 620 facit
1253 587 1411 620 iubilaeos

1044 637 1082 668 In
1108 637 1195 669 omni
1220 637 1360 670 miseria.

897 715 961 747 4b.
996 715 1115 747 Sacrae
1141 715 1222 755 legis
1250 714 1305 746 dat
1329 719 1536 755 augmentum

991 762 1035 794 Et
1063 763 1180 795 divinis
1205 764 1441 795 incrementum

995 810 1179 843 Villicatum
1205 815 1237 843 et
1263 811 1420 842 talentum

1042 858 1173 891 Christo
1199 860 1246 891 sic
1272 859 1424 893 restituit.

899 938 961 971 5b.
996 937 1149 968 Melodiis
1176 938 1371 977 insistemus,

993 986 1136 1017 Mentem
1163 986 1211 1017 ori
1238 983 1489 1028 conformemus,

994 1034 1037 1066 Ut
1064 1043 1135 1065 cum
1162 1035 1233 1073 ipso
1257 1034 1454 1073 respiremus

1042 1082 1079 1113 ln
1106 1086 1290 1114 sauctorum
1317 1082 1432 1121 gloria.

275 1176 364 1203 Grad.
401 1185 452 1202 ms.
479 1177 643 1203 Praedicat.
670 1177 871 1204 Insulensium
900 1178 1048 1211 (Arosiae)
1083 1186 1158 1204 saec.
1193 1176 1260 1205 ¹⁵1'16
1292 1178 1361 1205 (jod.
1394 1179 1536 1215 Upsalen.

200 1214 221 1240 C
243 1212 308 1240 513.
326 1216 359 1241 A.
375 1228 410 1232 -w
430 1215 517 1241 Grad.
534 1212 714 1250 [Suet-icum]
737 1216 805 1250 imp.
821 1214 959 1244 Lubecae
977 1214 1031 1242 149
1040 1214 1064 1242 *.
1081 1217 1113 1243 B.
1131 1232 1165 1235 —
1184 1216 1195 1243 l
1210 1217 1238 1249 b,
1254 1214 1272 1243 3
1290 1217 1373 1250 Quos
1388 1218 1538 1254 promovit

197 1253 231 1278 A.
256 1267 290 1271 -—
314 1250 365 1285 2a,
388 1252 405 1279 ⁴2
427 1252 475 1278 Sic
497 1258 647 1288 promotus
670 1254 702 1280 A.
725 1268 760 1271 ——
785 1252 836 1286 2a,
861 1252 879 1281 3
900 1256 975 1282 Mire
996 1255 1030 1281 B.
1053 1271 1087 1274 —
1110 1253 1166 1287 212,
1188 1253 1206 1282 2
1228 1255 1310 1282 Haec
1353 1258 1386 1283 A.
1401 1255 1538 1284 —Nach

198 1288 249 1321 5b,
272 1289 289 1316 4
312 1291 401 1326 hangt
425 1292 446 1317 B
470 1300 521 1317 an:
546 1291 613 1326 „Pie
636 1295 719 1328 pater
740 1295 768 1318 et
790 1292 942 1328 patrone“.
965 1307 1001 1311 —
1023 1294 1081 1320 Cfr.
1104 1294 1277 1329 Klemming
1298 1294 1320 1326 I,
1346 1304 1371 1330 p.
1394 1293 1431 1323 88
1453 1304 1496 1331 sq.

200 1503 261 1535 la.

199 1677 261 1707 2a.

198 1849 258 1881 3a.

197 2024 258 2056 4a.

197 2198 258 2229 5a.

563 1414 630 1444 207.
667 1413 718 1451 „ln
740 1414 822 1445 festo
843 1422 868 1446 s.
891 1414 991 1447 David
1012 1415 1173 1447 Abbatis.“

300 1503 408 1535 Sancti
435 1504 541 1536 David
568 1505 777 1546 symphoniae

296 1552 399 1593 Digne
425 1557 537 1584 sonant
565 1554 652 1585 vocis
678 1554 750 1593 piae

345 1600 539 1632 Clau-issimis
567 1601 785 1637 concentibus,

298 1677 381 1708 Nam
406 1678 541 1717 simplex
570 1679 676 1710 cordis
703 1679 795 1711 oculo

296 1725 360 1757 Cor
386 1726 471 1756 omni
497 1727 611 1758 mentis
638 1727 742 1758 iaculo

345 1773 509 1804 Conclusit
535 1774 638 1806 instar
664 1774 786 1815 circuli,

297 1850 420 1881 Audita
447 1855 549 1882 morte
575 1856 752 1891 martyrum

294 1899 459 1929 Acceusus
484 1898 517 1930 iu
544 1900 646 1931 zelum
674 1900 789 1932 mirum

345 1946 386 1978 Se
412 1951 587 1986 praeparat
611 1948 645 1979 in
671 1948 832 1989 gladium;

296 2022 390 2055 Nunc
416 2023 575 2056 scandens
593 2027 700 2065 gustat
718 2026 831 2067 ardua,

294 2071 473 2104 Descendit
498 2082 582 2104 nunc
604 2073 646 2105 ad
671 2082 792 2114 pascua

341 2120 520 2152 Coruscans
552 2121 656 2153 instar
682 2120 830 2162 fulguris,

295 2197 358 2228 Hic
384 2198 481 2229 vitam
508 2199 618 2231 reddit
641 2183 788 2240 parv'u10‚

345 2246 405 2285 Qui
431 2255 553 2278 mersus
581 2247 641 2279 fuit
666 2247 775 2280 triduo

394 2294 431 2327 Iu
457 2293 571 2327 fontali
596 2295 768 2337 voragine;

195 2371 255 2405 fia.
290 2371 346 2404 Fit
373 2372 491 2405 femina
515 2373 659 2407 lunatica

339 2421 450 2454 Mente
476 2431 554 2455 sana
581 2427 613 2455 et
639 2432 786 2465 corpore,

383 2470 433 2502 Ac
467 2479 548 2511 puer
573 2481 664 2504 acum
690 2473 831 2516 vomuit3

897 1506 958 1551 1⁷b.
994 1508 1092 1540 Cuius
1119 1509 1218 1541 verba
1246 1507 1345 1540 fontis
1372 1510 1469 1551 vitae,

993 1555 1089 1587 Cuius
1117 1561 1207 1588 actus
1234 1557 1305 1588 viae
1332 1558 1428 1589 tritae

1040 1604 1230 1637 iustissimis
1256 1605 1447 1640 incessibus,

896 1680 956 1714 2b.
991 1680 1061 1712 Nec
1087 1681 1166 1713 foris
1194 1691 1274 1715 vane
1300 1683 1451 1723 gestiens,

990 1728 1059 1760 Nee
1084 1730 1170 1762 intus
1196 1731 1296 1763 altum
1323 1732 1453 1771 sapiens

1038 1777 1167 1818 Expers
1193 1779 1346 1811 tumentis
1372 1781 1497 1822 anguli.

895 1855 915 1887 3
926 1853 957 1888 b.
984 1855 1124 1887 Mortem
1135 1865 1291 1897 quaerens
1302 1867 1364 1889 non
1374 1860 1532 1900 repperit,

991 1903 1210 1944 Compensans
1237 1910 1373 1938 mortem
1393 1909 1533 1941 conterit

1040 1952 1082 1984 Se
1108 1953 1181 1994 iuge
1205 1963 1266 1995 per
1291 1956 1495 1996 martyrium.

895 2029 958 2064 4b.
993 2029 1048 2061 Nil
1076 2031 1124 2063 sui
1151 2032 1250 2065 dabat
1275 2033 1352 2073 otio,

991 2077 1055 2110 Sed
1082 2089 1210 2120 semper
1235 2082 1394 2114 sacrificio

1039 2127 1214 2161 Columbae
1226 2130 1306 2162 dans
1315 2135 1371 2162 aut
1381 2133 1531 2165 turturis.

894 2203 956 2236 5b.
988 2204 1120 2236 Avertit
1146 2210 1176 2238 et
1200 2216 1220 2239 a
1245 2207 1373 2240 stabulo

1041 2252 1179 2286 Ventum
1205 2263 1276 2286 cum
1300 2255 1374 2295 igue
1399 2258 1503 2291 arduo

1088 2300 1286 2335 Circumlata
1311 2304 1462 2346 imagine.

894 2378 954 2412 6b.
989 2377 1201 2420 Membraque
1225 2381 1409 2422 paralytica

1041 2427 1204 2461 Curantur
1230 2431 1334 2462 sancti
1359 2440 1505 2475 munere,

1085 2477 1136 2509 Ac
1152 2479 1259 2510 nautis
1279 2482 1393 2512 ventus
1411 2480 1529 2516 adfuit.
