1654 2756
155 265 220 300 32.

155 583 218 615 4a.

156 801 220 832 5a.

155 970 213 1001 Ga.

139 1394 226 1422 trahe
256 1403 320 1422 nos.
350 1409 388 1413 -
414 1394 466 1425 421.

694 174 963 210 —131—

249 262 360 300 Radix
386 266 590 301 nobilissima

247 314 298 346 De
323 315 428 356 stirpe
455 317 628 361 Davidica‚

247 365 448 404 Angelorum
474 366 590 408 gloria,

248 412 406 445 Veritatis
433 414 570 454 glesum,

250 460 421 494 Sauciatos
447 463 481 494 in
508 465 653 503 peccatis

295 519 386 548 sana,
413 511 468 552 pia
493 512 632 546 domina.

249 578 357 614 Vivax
384 583 509 615 idcirco
536 584 642 625 gratia

296 630 400 663 Nobis
427 632 470 663 sit
492 633 644 674 propitia,

249 679 327 710 Post
351 679 433 711 dura
460 681 650 713 transitoria

297 726 400 759 Nobis
429 728 484 760 des
511 729 676 762 caelestia.

248 796 359 833 Flevit
385 793 481 833 nimis
508 801 693 842 benedicta,

246 847 326 880 Cum
354 857 431 890 gens
460 858 566 890 caeca,
594 851 768 884 maledieta

295 896 466 930 Crucifixit
494 898 606 934 filiuni.

241 966 376 1002 (jaesum
403 971 515 1012 virgiS‚
545 976 742 1013 coronatum,

247 1017 458 1061 Crucifixum,
487 1021 690 1053 vulneratum

292 1067 447 1108 Magnum
475 1076 582 1107 regem
610 1068 743 1108 gloriae,

513 1140 542 1173 7.
573 1136 636 1171 Tot
661 1138 790 1170 infinita
815 1139 936 1178 gaudia

864 587 925 622 4b.

863 804 922 838 5b.

861 974 922 1008 ssb.

867 274 928 308 3b.
956 271 1155 314 Imperatrix
1180 275 1338 315 angelica,

955 323 1009 355 Ad
1038 326 1069 354 te
1097 323 1272 355 clamantes
1300 323 1386 365 iuva,

956 372 981 404 Ο
1012 372 1163 411 clemens,
1193 372 1392 406 dulcissima.

954 421 1073 461 Ingens
1103 420 1160 452 Dei
1189 420 1267 460 filia,

955 469 1032 505 Fac,
1055 473 1088 499 ut
1115 468 1216 500 hostis
1242 469 1472 510 pessumdetur

1003 525 1062 555 per
1085 521 1141 548 tua
1167 517 1330 558 suffragia.

954 584 1125 629 synagoga
1152 589 1287 620 Iudaica

1001 636 1118 668 Pereat
1144 645 1175 668 et¹
1202 637 1337 676 glosula,

951 684 1062 716 Omnis
1090 693 1215 725 quoque
1243 683 1373 717 fallacia

999 734 1099 773 Quam
1129 733 1215 764 dicta
1244 734 1446 772 prophetica.

951 801 1050 837 Ensis
1078 814 1146 837 earn
1173 805 1398 846 pertransivit7

952 854 1099 887 Christus
1127 863 1196 886 cum
1225 862 1259 886 se
1286 854 1455 886 inclinavit

1001 902 1043 934 Et
1069 902 1174 934 emisit
1203 902 1367 942 spiritum.

950 971 989 1007 In
1017 983 1132 1007 cruore
1159 979 1374 1014 purpuratum

949 1023 1141 1062 Lanceaque
1169 1022 1371 1062 perforatum

997 1070 1212 1110 Imploremus
1242 1070 1348 1107 hodie,

572 1187 614 1219 Ut
641 1185 734 1218 nobis
761 1192 908 1226 praestet
933 1187 1038 1226 gloria

618 1234 656 1266 In
685 1234 819 1266 caelesti
845 1236 964 1275 patria.

223 1317 306 1344 Miss.
330 1326 383 1343 ms.
406 1318 609 1352 Soproniense
629 1316 787 1353 (Stephani
809 1316 881 1344 dicti
904 1317 1060 1350 Golsonis)
1081 1318 1152 1345 anni
1172 1314 1254 1345 1363.
1292 1316 1495 1345 (Jud.Mu<;1⁴÷i

142 1355 312 1392 Hungariei
334 1354 380 1382 91.
404 1372 440 1376 —
466 1354 513 1387 lb,
536 1354 554 1383 2
571 1355 775 1384 devotissimo.
798 1372 835 1376 ——
851 1355 904 1389 lb,
928 1354 946 1384 3
961 1357 1139 1385 psallemus.
1164 1373 1199 1377 —-
1216 1356 1234 1384 3
1244 1358 1269 1389 b,
1294 1356 1311 1384 ‘2
1328 1357 1495 1384 clamantes

143 1433 382 1468 „Geo(o)1·ius
403 1432 504 1460 fecit“.

153 1703 213 1736 la.

151 1881 212 1912 2a.

153 2056 214 2089 3a.

153 2232 216 2264 4a.

153 2409 215 2442 5a.

499 1392 516 1419 t),
548 1395 621 1422 Post
652 1399 712 1423 tua.
747 1410 776 1414 —
807 1393 832 1427 7.
866 1394 884 1423 2
911 1399 1044 1432 praestet
1069 1397 1231 1432 gloriosus.
1274 1395 1494 1423 Akrostichtmz

602 1537 662 1568 139.
695 1537 737 1568 De
758 1537 860 1569 Beata
881 1536 984 1569 Maria
1007 1538 1041 1568 V.

489 1616 634 1661 „Infra
661 1623 859 1659 tempora
883 1618 1151 1656 Adventus“.

241 1703 472 1736 Collaudemus
501 1705 694 1735 venerantes

242 1751 357 1784 Nostri
386 1750 471 1792 regis
498 1751 675 1784 adorantes

292 1800 414 1833 Christi
446 1804 582 1832 matrem
619 1800 789 1840 virginem,

243 1878 411 1911 Salutatur
437 1881 469 1910 et
495 1878 643 1916 miratur,

245 1927 448 1965 Gratulatur,
478 1927 535 1959 sed
561 1926 715 1959 turbatur

292 1975 463 2009 Salutante
489 1975 614 2008 nuntio.

244 2053 294 2087 Ne
322 2054 448 2092 timeas,
477 2063 496 2086 o
522 2054 643 2094 Maria,

243 2103 306 2136 Dei
333 2103 438 2143 patris
465 2105 497 2134 te
523 2102 640 2143 sophia

298 2152 432 2184 Plenam
460 2149 541 2184 fecit
566 2151 692 2193 gratia3

245 2232 371 2264 Nomen
399 2230 466 2262 eius
493 2230 540 2262 sic
568 2229 711 2270 vocabis,

242 2279 370 2312 Mundo
396 2288 492 2320 quem
517 2283 553 2311 tu
580 2278 769 2320 generabis:

292 2329 395 2369 Iesus,
422 2328 510 2360 salus
538 2327 671 2360 saeculi.

243 2406 362 2440 Senem
388 2406 510 2446 David,
536 2406 642 2447 patris
668 2405 729 2445 sui,

244 2455 348 2488 Dabit
373 2458 450 2489 nato
477 2456 601 2488 ventris
627 2455 676 2487 tui

295 2504 395 2548 Deus,
423 2507 520 2544 pater
546 2503 699 2536 caelicus.

863 1702 921 1735 lb.
951 1703 1039 1742 Quae
1065 1704 1182 1745 angelo
1210 1704 1380 1736 nuntiante

952 1751 1054 1785 Simul
1081 1757 1177 1794 atque
1205 1754 1368 1785 salutante

1003 1800 1133 1834 Profert
1159 1802 1462 1835 Deum-hominem.

864 1877 924 1912 2b.
953 1878 1009 1910 Ait
1036 1878 1121 1911 enim
1148 1880 1315 1917 salutanti,

956 1927 1098 1960 Verbum
1125 1927 1231 1968 patris
1258 1928 1440 1960 nuntianti:

1002 1976 1090 2015 Quae
1115 1977 1197 2008 haec
1223 1975 1378 2008 salutatio
1388 1975 1404 2007 ἶ)

865 2054 924 2089 3b.
957 2053 1129 2095 Concipies
1157 2057 1187 2084 et
1214 2053 1335 2093 paries,

954 2102 1020 2135 Sed
1048 2102 1192 2135 dolorem
1221 2112 1283 2134 non
1312 2103 1447 2143 senties,

1005 2152 1135 2184 Patrem
1164 2151 1255 2191 paris
1281 2150 1360 2185 fitia.

865 2230 924 2265 4b.
953 2229 1029 2262 Erit
1056 2238 1190 2270 magnus
1217 2233 1249 2261 et
1275 2229 1462 2274 immensus,

952 2279 1055 2319 Quem
1080 2287 1145 2311 non
1163 2278 1253 2319 capit
1269 2278 1356 2312 ullus
1374 2288 1504 2323 sensus,

1005 2328 1069 2361 Sed
1097 2330 1287 2367 exspectant
1316 2327 1447 2370 singuli.

867 2405 926 2440 5b.
956 2405 1061 2439 Domo
1087 2405 1185 2438 Iacob
1211 2411 1405 2447 regnaturus

955 2455 1027 2497 Est,
1055 2455 1110 2495 qui
1134 2455 1253 2487 mundo
1281 2456 1459 2489 collaturus

1005 2504 1101 2537 Dona
1127 2505 1231 2537 sancti
1260 2505 1408 2545 spiritus.

1284 2560 1324 2590 9*
