1654 2756
188 390 249 423 22.

190 512 251 546 3a.

188 730 249 762 4a.

179 1063 404 1092 Altissimus
427 1064 591 1092 adiutor“
613 1066 712 1098 (oben,
733 1066 785 1093 Nr.
809 1063 863 1098 12}-

189 1247 249 1279 la.

189 1467 249 1498 2a.

187 1688 249 1719 3a.

185 1907 246 1938 4a.

184 2129 244 2160 5a.

183 2349 244 2382 62.

737 152 976 188 ..59-

606 248 658 280 44.
689 248 725 280 ln
746 247 996 280 Annuntiatione
1017 247 1105 279 BMV.

643 322 675 355 1.
703 317 831 361 Angelo
857 321 1068 353 annuntiante

278 387 377 424 Alma
402 389 578 426 benedicta

280 441 435 480 concepit
461 437 645 480 Dominum,

279 509 470 546 Illuminata
498 510 641 546 karitate

280 558 418 594 lucerna
443 561 547 595 maris
572 560 670 595 nobis

279 609 425 643 ostendit
451 613 582 655 portum

277 658 422 703 quietum
448 657 544 698 regni
571 657 697 691 salutis,

279 729 376 762 Cuius
403 730 586 770 unigenitus

278 778 433 810 desolatis
459 778 493 810 in
519 778 663 811 tenebris

277 831 309 858 et
335 827 428 859 nobis
454 827 556 859 lucem
584 837 623 860 ac
648 836 761 868 pacem

277 881 468 916 perpetuam
497 878 695 916 procuravit,

894 393 953 427 2b.

892 513 951 548 3b.

891 730 952 763 4b.

982 390 1131 426 Electum
1155 389 1262 425 filium

982 442 1099 486 genuit
1124 439 1300 474 hominem.

982 510 1072 545 Talis
1100 513 1193 554 virgo
1219 513 1452 546 xristiauorum

980 562 1099 605 yonica
1128 562 1269 595 zelat1·ix

981 613 1011 640 et
1040 613 1087 641 est
1115 609 1317 641 concordans

982 658 1100 696 datrix,
1130 658 1241 699 regina
1267 657 1408 689 virtutis.

980 730 1087 762 Maria
1114 730 1262 770 genetrix
1289 730 1329 761 sit

980 779 1035 819 pia
1061 778 1258 811 consolatrix
1286 781 1407 818 nostra⁷

981 833 1015 860 ut
1042 828 1128 860 filius
1156 828 1222 859 eius
1251 827 1397 859 Christus

980 886 1038 908 nos
1067 876 1195 919 dirigat,
1224 877 1278 916 qui
1305 875 1454 908 salvavit.

256 948 342 975 Miss.
369 957 425 976 ms.
451 948 642 977 Hildesiense
667 957 743 977 saec.
772 947 817 977 13.
859 948 930 976 Cod.
961 949 1058 985 Capit.
1079 949 1231 976 Treviren.
1262 947 1324 975 153.
1353 947 1418 974 add.
1447 955 1524 973 saec.

182 984 225 1014 14.
250 1001 284 1005 —
310 987 401 1022 „Item
431 990 587 1023 sequentia
615 988 650 1016 de
672 989 757 1015 BVM
788 988 948 1016 secundum
974 986 1192 1024 alphabetum.“
1218 1003 1251 1006 μ
1276 986 1327 1016 31),
1351 985 1368 1012 3
1390 996 1432 1022 sq.
1456 995 1523 1012 con-

178 1025 338 1053 cordatrix.
367 1040 405 1044 —
435 1026 488 1058 4b,
517 1026 530 1054 1
564 1028 603 1054 sit
633 1027 711 1054 steht
742 1027 818 1054 nach
850 1030 952 1054 nostra
983 1026 1048 1059 (4b,
1077 1024 1112 1055 2).
1144 1041 1180 1045 ——
1206 1026 1274 1061 Vgl.
1307 1026 1354 1053 die
1387 1026 1523 1062 Sequenz

601 1163 647 1195 45.
681 1163 714 1194 111
735 1162 988 1194 Annuntiatione
1016 1162 1104 1194 BlllV.

278 1245 397 1277 Volens
423 1245 512 1278 Deus
539 1245 698 1278 hominem

326 1294 480 1326 Liberare
507 1294 672 1334 perditum

277 1343 451 1376 Praemisit
477 1343 519 1374 ad
547 1343 704 1382 virginem

324 1391 510 1424 Gabrielem
537 1391 695 1424 inclitum.

281 1462 408 1507 „Ave“‚
435 1464 550 1506 inquit,
583 1465 707 1507 „gratia

326 1513 444 1552 Plena,
480 1516 584 1544 tecum
616 1512 817 1552 Dominus“3

277 1562 377 1601 Virgo
402 1561 542 1600 simplex
566 1566 595 1593 et
624 1563 679 1601 pia

325 1610 383 1643 Est
411 1609 541 1642 turbata
566 1610 714 1651 protinus

277 1684 415 1716 Sanctus
440 1685 474 1716 in
501 1688 534 1715 te
559 1684 706 1726 spiritus,

325 1734 373 1766 De
401 1743 463 1774 quo
492 1738 524 1764 tu
552 1733 726 1773 concipies,

275 1782 523 1815 Condescendet
550 1782 696 1824 caelitus,

323 1833 432 1871 Atque
459 1831 548 1872 virgo
574 1831 693 1872 paries.

275 1905 338 1937 Hic
364 1905 454 1937 Iesus
481 1904 650 1936 vocabitur

322 1953 426 1986 Filius
453 1953 616 1991 altissimi,

274 2002 420 2044 Regnum
445 2002 495 2034 illi
522 2003 655 2035 dabitur

324 2052 433 2086 David
457 2050 651 2084 fidelissimi.

272 2126 357 2159 Huic
383 2125 474 2166 virgo
501 2124 659 2158 adfamini

321 2174 503 2215 Respondit
533 2174 716 2208 humiliter:

272 2223 404 2256 Ancilla
430 2233 500 2256 sum
526 2223 667 2263 Domini⁷

322 2273 376 2307 Sic
403 2273 445 2305 sit
472 2277 502 2304 et
528 2283 590 2306 non
619 2273 726 2307 aliter.

272 2348 354 2386 Ave,
385 2348 528 2380 clausum
555 2347 669 2379 unicae

320 2396 462 2429 Deitatis
488 2396 617 2430 ostium.

269 2445 442 2478 Trinitatis
471 2445 582 2478 deicae

320 2494 470 2527 Thronus
497 2498 530 2526 et
555 2493 744 2526 triclinium.

891 1245 950 1278 lb.

889 1464 950 1497 2b.

893 1683 953 1718 ab.

887 1903 948 1937 4b.

888 2125 948 2159 5b.

890 2345 951 2379 fib.

981 1246 1134 1285 Angelus,
1163 1245 1216 1285 qui
1244 1245 1394 1285 mittitur,

1027 1294 1105 1327 Cum
1133 1294 1308 1334 splendore
1335 1293 1463 1325 luminis

979 1342 1170 1374 Thalamum
1199 1342 1381 1382 ingreditur

1026 1391 1200 1431 speciosae
1228 1391 1375 1431 virginis.

978 1464 1098 1503 Maria,
1128 1473 1166 1495 ne
1193 1465 1318 1502 timeas,

1025 1513 1141 1544 Electa
1169 1522 1246 1554 prae
1273 1512 1431 1544 omnibus.

977 1561 1157 1594 Benedicta
1184 1561 1326 1602 gaudeas

1027 1611 1074 1642 Tu
1101 1611 1132 1641 in
1161 1610 1361 1642 mulieribus.

981 1683 1029 1715 'l'u
1059 1684 1160 1715 Deum
1187 1689 1218 1715 et
1243 1684 1403 1715 hominem

1026 1733 1171 1764 Habebis
1197 1734 1229 1765 in
1258 1732 1369 1766 tilium.

978 1782 1016 1814 In
1044 1783 1133 1814 cuius
1160 1782 1316 1821 originem

1028 1831 1119 1863 Mors
1147 1831 1262 1871 perdet
1290 1831 1473 1873 imperium.

978 1904 1014 1936 In
1043 1904 1140 1936 Iacob
1169 1904 1290 1936 familia

1025 1953 1189 1994 Regnabit
1216 1953 1409 1991 sublimiter,

979 2002 1078 2034 Cuius
1106 2003 1198 2043 regni
1224 2002 1328 2042 gloria

1027 2051 1134 2083 Stabit
1161 2051 1382 2083 aeternaliter.

978 2125 1056 2156 Mox
1085 2124 1172 2156 Deus
1200 2124 1383 2163 ingreditur

1027 2174 1063 2205 In
1090 2173 1194 2212 ipsam
1223 2170 1373 2213 feliciter,

977 2222 1019 2254 Et
1046 2230 1230 2262 praegnans
1257 2220 1399 2253 efficitur

1028 2271 1127 2311 Virgo
1154 2269 1360 2302 mirabiliter.

980 2348 1061 2386 Ave,
1090 2352 1150 2384 per
1175 2352 1270 2384 quam
1298 2344 1426 2376 saeculo

1026 2393 1092 2425 Pax
1120 2394 1209 2424 venit
1235 2397 1265 2424 et
1293 2393 1464 2435 gaudium3

977 2441 1103 2474 Cuncta
1127 2441 1189 2473 tibi
1216 2442 1329 2475 sedulo

1026 2491 1161 2524 Faciant
1188 2491 1364 2525 inclinium.
