1654 2756
751 194 795 199 —
845 175 916 210 243
968 197 1012 200 —

229 269 293 304 4a.
326 269 442 303 Clarus
469 270 522 302 hic
549 271 752 313 parentibus,
937 275 1000 310 4b.
1033 277 1136 309 Datus
1162 286 1181 309 a
1207 275 1396 316 primordiis

328 317 393 352 Sed
421 319 543 352 clarior
568 320 724 361 moribus,
1034 325 1219 357 Literarum
1245 325 1362 357 studiis

375 368 472 400 Altus
501 369 596 402 domo
622 369 723 413 regia,
1083 374 1209 408 Claruit
1235 374 1381 408 scientia.

230 456 293 489 5a.
326 455 433 488 Fonte
459 457 566 489 sancti
592 458 746 498 precibus
938 460 1001 494 5b.
1035 461 1151 493 Prunis
1178 462 1246 493 eius
1273 461 1419 502 pallium

326 504 484 538 Manante
509 506 703 539 sudantibus
1032 510 1117 550 Quas
1144 509 1318 542 claudebat
1343 510 1511 550 gremium,

375 553 482 586 Datur
507 558 604 595 potus
631 555 736 595 copia.
1083 559 1154 591 Non
1182 559 1283 590 sensit
1306 559 1467 591 incendia.

227 641 287 673 621.
319 641 384 673 Hic
410 642 478 674 vita
503 642 690 684 laudabilis,
936 645 1000 678 6b.
1031 646 1164 679 Cunctis
1191 645 1447 678 acclamantibus

325 689 448 722 Gratus
474 694 507 722 et
533 691 694 729 amabilis,
1031 693 1224 726 Praefertue
1251 693 1495 735 Tungrensibus

376 739 508 771 Pollens
535 749 596 780 per
621 740 791 781 miracula,
1082 743 1293 775 Praesulatus
1320 741 1435 776 infula.

228 826 288 860 7a.
321 826 382 866 Qui
409 825 528 859 florens
555 831 590 860 ut
617 829 731 869 lilium,
936 829 997 864 7b.
1029 830 1128 863 Clara
1154 830 1280 870 lampas
1307 829 1429 869 micuit,

324 875 415 907 Dans
442 877 599 908 virtutum
625 878 767 910 omnium
1031 878 1182 916 Sortitus,
1210 883 1245 910 ut
1270 878 1385 918 patuit,

372 924 528 957 Fructum
556 926 589 957 in
615 926 764 966 ecclesia,
1079 927 1227 960 Nominis
1252 927 1433 966 praesagia.

225 1012 285 1044 Sa.
318 1012 469 1045 Lucerna
496 1022 568 1045 eum
595 1014 689 1046 radio
933 1012 995 1046 8b.
1028 1014 1236 1046 Texandriae
1263 1013 1413 1054 gentibus

323 1061 397 1093 Non
424 1062 585 1094 submissa
611 1063 731 1104 modio,
1030 1063 1143 1094 Illuxit
1170 1062 1355 1094 errantibus

371 1110 442 1142 Sita
468 1119 569 1150 supra
597 1111 747 1153 culmina,
1080 1111 1157 1142 Viae
1183 1111 1330 1151 pandens
1357 1110 1490 1143 lumina.

221 1199 282 1230 9a.
313 1197 399 1228 Dum
426 1197 578 1237 Pipinum
607 1199 724 1240 arguit,
931 1197 994 1230 9b.
1027 1198 1165 1229 Molitur
1190 1197 1327 1228 insidias

317 1245 418 1284 Quem
444 1246 541 1286 pelex
567 1246 716 1278 innexuit
1026 1246 1144 1277 Altera
1171 1246 1345 1285 Herodias⁷

368 1293 441 1326 Non
468 1295 565 1335 legali
593 1295 722 1335 copula,
1079 1294 1124 1327 Ut
1150 1293 1306 1326 Iohannis
1334 1293 1471 1325 aemula.

197 1382 241 1414 10
252 1392 282 1415 a.
314 1381 392 1414 Cum
419 1382 535 1414 orandi
562 1382 671 1415 studio
907 1382 950 1415 10
962 1381 994 1415 b.
1027 1381 1174 1413 Dodonis
1202 1381 1393 1421 satellitum,

315 1431 413 1462 Esset
437 1431 471 1462 in
499 1431 621 1464 Leodio
1024 1431 1126 1462 Immo
1153 1430 1253 1462 Satan
1282 1430 1433 1461 comitum

366 1479 431 1511 Sua
457 1480 586 1512 clausus
614 1480 743 1522 cellula,
1075 1480 1199 1511 Assunt
1227 1477 1463 1510 conventicula.

195 1567 278 1600 lla.
311 1566 408 1598 Hunc
435 1567 540 1600 crucis
567 1567 768 1608 signaculum
906 1567 943 1600 11
962 1566 993 1599 b.
1024 1566 1125 1605 Quem
1152 1565 1346 1606 transfigens
1374 1564 1502 1607 missili,

315 1615 454 1648 Testans
481 1616 543 1648 Dei
572 1615 728 1648 famulum
1024 1615 1066 1647 Se
1092 1624 1177 1647 noxa
1205 1614 1342 1653 difficili,

364 1664 475 1697 Cellae
503 1665 560 1697 dat
586 1665 728 1705 indicia3
1077 1664 1181 1696 Necat
1207 1673 1321 1695 manus
1348 1663 1461 1704 impia.

193 1753 235 1786 12
248 1763 276 1785 a.
309 1753 378 1785 Iam
406 1756 560 1785 manante
586 1753 743 1794 sanguine
906 1751 987 1785 12b.
1019 1751 1168 1792 Iungitur
1194 1750 1394 1790 martyribus

311 1803 391 1836 Cum
420 1811 515 1834 roseo
542 1800 673 1834 flumine
1026 1801 1063 1832 In
1092 1801 1182 1833 caelo
1209 1799 1422 1831 vernantibus

360 1851 440 1883 Mox
467 1851 575 1883 anima
602 1850 779 1891 splendida
1074 1850 1204 1882 Laurea
1230 1847 1451 1889 praefulgida.

190 1941 235 1973 13
247 1949 276 1973 a.
309 1939 415 1971 Huius
442 1939 634 1980 patrociniis
905 1939 949 1972 13
961 1938 992 1971 b.
1026 1937 1105 1970 Cum
1132 1937 1283 1979 supernis
1310 1936 1434 1968 civibus

313 1987 382 2020 Nos
408 1989 546 2021 mundos
573 1997 592 2020 a
618 1989 708 2021 vitiis

359 2037 480 2070 Divina
507 2038 690 2073 clementia,

1026 1987 1143 2027 lungat
1170 1986 1203 2017 in
1231 1985 1427 2017 caelestibus

1075 2035 1214 2068 Saecula
1241 2043 1301 2074 per
1327 2034 1446 2067 omnia.

266 2135 357 2164 Grati.
371 2144 424 2162 ms.
438 2134 564 2163 Amoldi
577 2136 832 2172 Aquisgraneusis
845 2144 923 2164 saec.
939 2132 984 2162 13.
997 2135 1037 2161 in.
1051 2132 1122 2160 Cod.
1139 2132 1237 2167 Capit.
1249 2131 1471 2167 Aquisgranen.
1485 2130 1553 2156 XII.

619 2281 687 2312 268.
729 2281 772 2312 De
795 2282 904 2312 sancto
927 2276 1112 2311 Laurentio.

186 2375 246 2409 la.
279 2375 450 2416 Laurenti,
477 2375 626 2408 laureata
897 2371 961 2406 lb.
997 2371 1045 2403 Te
1073 2369 1192 2401 decent
1219 2371 1423 2408 ornamenta,

899 2460 965 2494 2b.
997 2459 1048 2492 De
1075 2456 1156 2489 ferri

997 2507 1124 2548 forcipe
1149 2505 1257 2547 ignea.

1304 2562 1364 2592 16*

184 2465 245 2499 2a.
276 2463 461 2506 Martyrem

283 2512 455 2545 decoctum
480 2511 647 2545 flammula
