1654 2756
729 167 994 204 —235—

267 264 354 292 Miss.
377 273 430 292 ms.
453 263 630 293 Cisoniense
653 274 730 294 saec.
755 264 799 294 16.
822 265 894 294 eod.
916 266 1046 294 Insulen.
1069 263 1116 294 37.
1138 267 1174 294 A.
1197 280 1233 285 —
1249 265 1335 293 Miss.
1350 266 1542 292 Tomacense

190 304 261 340 imp.
282 304 411 332 Parisiis
443 302 526 332 1498.
548 305 582 332 Β.
606 318 643 324 —
663 305 749 333 Miss.
769 305 960 334 ‘romanense
987 307 1058 341 imp*
1080 306 1208 334 Parisiis
1237 302 1319 333 1509.
1343 303 1374 331 C.
1396 319 1433 323 ——
1455 304 1540 331 Miss.

191 343 382 371 'romanense
411 345 482 379 imp.
506 343 632 372 Parisiis
664 341 748 372 1540.
770 345 805 372 D.
830 359 868 362 —
889 343 942 379 4a,
967 344 980 372 1
1004 346 1135 381 quietem
1162 345 1204 379 A3
1226 343 1355 380 diligens
1377 343 1481 370 A—D.
1504 355 1540 361 -

189 379 286 448 7a‚h13
305 382 435 449 PLopteg
455 382 530 449 felglt
552 383 587 410 A.
608 397 647 402 —
664 381 719 416 9⁸,
739 381 758 410 2
781 386 908 420 anguste
931 384 962 411 C.
980 397 1015 402 —-
1032 383 1065 411 11
1076 384 1105 417 b,
1127 382 1144 412 3
1165 384 1291 411 viridice
1305 383 1342 410 D.
1360 397 1395 401 —
1410 382 1542 410 Melodie

189 429 235 449 wo
278 430 284 447 z
362 429 407 449 au
442 430 461 448 a
500 421 591 449 ¹i0n.

605 505 674 537 259.
715 505 758 536 De
780 515 804 537 s.
826 505 923 538 ivone
944 507 1138 539 Trecorensi.

192 598 252 631 la.
285 596 423 638 Clangat
448 600 481 629 et
901 601 917 632 1
934 599 964 633 b.
996 601 1138 642 lvonem,

191 844 255 876 2a.

291 646 434 679 exsultet
459 646 610 688 ecelesia,
636 646 713 686 quia

290 695 358 726 eius
385 703 522 735 sponsus
549 694 648 726 hodie

292 743 438 783 suscepit
462 743 496 774 in
523 743 627 783 gloria

286 841 388 881 Quem
416 839 566 872 Christus

287 893 413 921 tantum
439 888 615 929 adamavit,

287 937 374 978 qnod
400 936 539 969 scientia

287 986 390 1019 multa
415 985 605 1027 perornavit

287 1032 390 1080 [eum]
432 1033 597 1066 modernis
624 1033 838 1074 temporibus,

899 843 961 876 2b.

998 648 1215 681 confessorem
1244 649 1285 681 de
1310 647 1494 687 Britannia,

995 697 1115 729 nostris
1143 696 1344 737 temporibus
1372 706 1443 728 cum

996 750 1064 778 tota
1090 755 1148 777 sua
1175 746 1275 778 curia.

994 845 1039 878 Ut
1068 853 1142 876 suos

995 901 1157 934 pauperes
1184 900 1358 932 oppressos

997 941 1191 974 defenderet
1217 945 1247 972 et

997 990 1220 1022 ecclesiastica

996 1038 1192 1079 gubernaret
1218 1039 1284 1069 suis
1311 1036 1446 1069 viribus.

192 1135 255 1167 321.
293 1133 364 1172 Qui,
394 1140 466 1163 cum
493 1131 526 1162 in
553 1129 709 1162 scientiae
899 1134 962 1168 3b.
994 1135 1070 1175 Ipse
1098 1134 1271 1165 desideriis

287 1181 466 1220 margarita
494 1179 688 1211 desudasset
995 1184 1072 1215 totis
1099 1183 1234 1214 multum
1261 1182 1427 1214 laboravit

286 1233 384 1270 atque
410 1228 553 1260 studium
996 1235 1027 1263 et
1054 1240 1165 1263 vocem
1193 1239 1282 1262 suam

287 1277 476 1317 dimisisset,
994 1280 1151 1312 exaltavit

285 1336 347 1367 pro
373 1333 554 1366 pauperum
583 1324 760 1356 certamine
996 1338 1056 1369 pro
1083 1328 1197 1360 horum
1225 1326 1427 1359 liberamine.

189 1426 250 1458 4a.
283 1424 337 1455 Ad
365 1421 508 1455 Officium
536 1430 704 1453 commune
898 1426 962 1461 4b.
994 1426 1032 1458 In
1059 1435 1121 1467 quo
1148 1430 1225 1457 tunc
1251 1424 1394 1465 legitime
1422 1427 1452 1454 et

287 1481 360 1504 eum
385 1472 545 1503 instantia
998 1476 1071 1506 sine
1097 1474 1235 1506 alicuius

289 1520 544 1561 exstitit,postea
996 1524 1183 1564 gravamine
1210 1523 1259 1554 ius

289 1572 474 1609 assumptus
500 1577 560 1608 pro
996 1572 1170 1612 unicuique

289 1619 395 1651 salute
422 1617 587 1655 fidelifflss3
997 1621 1159 1654 reddebat
1187 1620 1344 1652 debitum.

190 1720 250 1751 5³«-
284 1717 370 1756 QUOS
396 1715 430 1747 in
457 1714 528 1755 lege
555 1713 617 1745 Dei
902 1720 965 1755 5b.
997 1720 1042 1752 Et
1068 1721 1290 1752 incarceratos

287 1763 472 1797 instruebat
1000 1768 1209 1801 confortabat

288 1818 320 1846 et
346 1813 478 1846 assidue
998 1821 1159 1857 noctuque
1188 1816 1240 1848 die

290 1862 400 1896 verbis
429 1861 548 1894 divinis
998 1872 1095 1908 atque
1122 1876 1182 1908 pro
1210 1865 1290 1905 ipsis

287 1913 377 1953 ipsos
404 1909 584 1950 imbuebat,
998 1916 1104 1949 Deum
1132 1914 1299 1947 exorabat.

191 2013 252 2046 6a.
286 2010 434 2044 Tandem
459 2019 532 2042 cum
556 2008 599 2040 ad
902 2014 965 2049 61),
996 2014 1041 2047 Et
1067 2021 1229 2054 pauperes

291 2069 401 2093 curam
428 2059 543 2101 populi
1000 2066 1096 2103 atque
1124 2061 1249 2094 debiles

291 2110 476 2143 destinatus
501 2112 587 2140 esset
999 2121 1060 2153 pro
1088 2110 1157 2144 Deo
1184 2108 1321 2141 fovisset

290 2163 390 2200 atque
416 2157 663 2190 misericordjae
1002 2164 1034 2192 et
1061 2158 1329 2198 contemplationi
1356 2166 1390 2189 se

291 2217 394 2250 opera
420 2206 651 2248 complevisset
1004 2210 1158 2241 continuo
1185 2207 1344 2246 dedisset,

190 2313 251 2346 Va.
283 2309 360 2352 Ipse
386 2311 476 2344 Deus
907 2308 969 2342 7b.
1001 2307 1046 2341 Et
1072 2315 1136 2339 non
1163 2306 1267 2339 solum

287 2363 434 2394 mortuos
461 2363 494 2392 et
519 2355 707 2388 mortiferos

289 2407 382 2453 (pro)
406 2409 511 2451 ipsius

288 2459 414 2492 meritis
440 2457 590 2491 reddidit

290 2509 404 2552 plures
429 2507 600 2549 liberatos,

1002 2360 1078 2389 ante
1106 2355 1351 2388 dissolutionem

1000 2405 1115 2445 ipsius,

1001 2455 1099 2487 immo
1126 2456 1159 2485 et
1183 2456 1258 2494 post
1284 2452 1426 2483 clemens

1004 2503 1205 2537 restauravit
1230 2502 1304 2535 illos
