1654 2756
173 238 232 270 3⁸.

172 470 232 501 4a.

177 792 237 822 5a.

176 1018 234 1050 6a.

175 1339 234 1370 7a.

177 1612 234 1644 8a.

176 1935 233 1967 ea.

153 2259 196 2292 10
208 2267 236 2292 a.

687 157 734 163 ..
785 136 831 173 86
881 156 930 162 -

871 233 930 267 3b.

259 237 359 276 Quam
391 236 586 277 patriarchis

261 285 389 326 imbuit,
414 283 582 324 prophetis

264 334 340 365 olim
369 332 476 366 dando

264 382 365 414 multa
392 379 570 413 commoda.

263 468 415 508 Quodque
442 469 579 499 ventura
605 465 708 508 foret;

263 525 335 547 nam
362 516 394 547 in
421 515 560 555 posteris

264 563 410 596 omnibus
438 572 507 594 esse

264 612 375 652 patula
402 611 508 643 omnia

262 664 390 700 patrata

262 718 280 740 a
306 708 376 740 Deo
401 708 556 748 praemia.

266 790 360 830 Nam⁷
388 798 473 829 ecce,
500 789 589 820 illum

265 838 426 877 virgineus
454 846 547 868 verus

264 886 421 917 conclusit
446 888 566 923 uterus,

261 934 335 965 licet
364 933 528 973 modicus3

263 1016 288 1048 Ο
316 1026 409 1056 quam
437 1014 531 1046 beata

261 1068 309 1095 est
335 1065 402 1106 illa,

261 1121 342 1151 quae
368 1111 483 1143 meruit
513 1111 610 1151 digna

260 1159 330 1191 fieri
356 1162 468 1198 mater,

262 1208 419 1247 praebere
446 1206 506 1245 lac,
532 1207 625 1247 panis
650 1208 704 1248 qui

262 1259 308 1286 est
337 1257 406 1295 ipse
433 1255 637 1295 angelorum!

262 1338 330 1369 Iam
357 1346 414 1369 nos
441 1346 581 1369 consona

265 1385 437 1417 clamemus
464 1385 541 1416 tuba

261 1434 302 1466 ad
330 1434 427 1475 illam,
457 1442 538 1473 quae
563 1432 668 1466 adfuit

262 1482 408 1514 delendis
437 1481 556 1524 culpis;

261 1531 363 1562 almus
391 1538 447 1561 rex
476 1530 573 1570 elegit
601 1539 763 1572 sponsam,

263 1613 287 1644 O
316 1622 408 1651 quam
435 1612 571 1651 pulchra

262 1661 328 1691 sola
356 1660 427 1700 ipsa

263 1708 353 1747 virgo
378 1710 490 1745 mater,

262 1756 366 1796 qualis
391 1755 478 1786 nulla

260 1807 307 1835 est
334 1812 393 1835 nec
420 1801 481 1834 fuit

262 1861 320 1883 nec
348 1852 409 1883 erit
434 1851 466 1882 in
494 1851 617 1882 saecla!

261 1932 477 1967 Rationabilis
505 1933 554 1964 cui

262 1982 408 2022 famulat,
436 1981 569 2013 oboedit

261 2031 363 2063 omnis
390 2033 548 2069 creatura,

261 2080 376 2111 adesse
402 2078 508 2119 poscit

262 2132 435 2168 precatura

263 2177 311 2207 cui
340 2184 447 2208 curam

265 2259 394 2297 Sancta,
421 2258 636 2296 sanctissima,
661 2266 718 2289 ora

263 2317 323 2348 pro
349 2308 412 2340 tuis
437 2307 511 2349 iam,

259 2356 377 2397 Maria,

261 2405 314 2444 qui
342 2405 382 2437 ad
410 2407 465 2436 tua
491 2412 637 2436 assumus

262 2453 439 2485 sollemnia.

869 465 929 499 4b.

873 787 930 821 5b.

871 1014 931 1048 6b.

871 1337 929 1370 7b.

870 1612 929 1645 8b.

870 1934 931 1969 9b.

848 2258 933 2292 10b.

958 231 1051 274 Quod
1078 235 1189 278 Isaias,

960 283 1118 316 Ieremias
1142 284 1238 317 simul

960 334 992 362 et
1019 332 1117 364 ceteri

960 380 1067 412 cuncti
1095 380 1253 423 nuntiant,

958 465 1023 499 Sed
1050 467 1221 507 Iohannes,
1250 467 1402 499 credulus

959 515 1085 547 scilicet
1110 520 1210 558 vates,

958 567 1124 603 praestum
1151 563 1275 602 adnuit,

957 620 1051 650 quem
1079 615 1169 643 vates
1196 615 1292 652 atque
1319 612 1371 643 lex

958 659 1226 699 prophetaverat,

959 707 1020 738 Dei
1049 717 1166 748 agnum
1194 716 1275 740 esse.

960 789 1057 828 Vagit
1081 789 1115 821 in
1142 789 1235 828 cuba,

960 836 1013 876 qui
1041 837 1181 868 continet
1209 840 1338 879 cuncta,

959 893 1016 916 ceu
1044 883 1152 916 infans
1179 885 1256 925 agit,

958 931 1049 964 balat
1073 936 1109 964 ut
1135 942 1248 973 agnus,

958 1015 984 1048 O
1011 1024 1106 1056 quam
1133 1015 1247 1048 beatae

959 1066 989 1094 et
1016 1073 1183 1104 mammae,

958 1121 1037 1151 quas
1065 1115 1220 1143 suxerunt
1248 1120 1344 1143 verae

959 1162 991 1190 et
1016 1160 1178 1199 pretiosae

958 1207 1064 1239 labiae
1090 1208 1166 1239 illae
1192 1217 1247 1239 ore

960 1256 1073 1287 summi
1100 1256 1159 1288 filii
1187 1257 1266 1288 Dei!

958 1338 1015 1370 Cui
1045 1337 1179 1369 Gabriel

958 1384 1046 1417 fatur
1072 1386 1223 1426 angelus:

958 1435 1039 1470 Ave,
1067 1435 1173 1474 gratia
1199 1435 1307 1475 plena,

958 1482 1116 1514 Dominus
1143 1487 1260 1523 tecum,

957 1531 1090 1572 laetare,
1119 1532 1210 1571 virgo
1237 1532 1354 1566 Maria.

958 1613 1057 1645 Cuius
1085 1613 1175 1645 alvus

958 1661 1038 1692 mire
1061 1664 1181 1703 tantus,

959 1709 1098 1740 lucidior

959 1759 995 1787 ut
1021 1757 1081 1796 sol,
1108 1758 1193 1799 luna,

960 1808 1049 1836 astra
1075 1807 1188 1848 omnis,

959 1853 1166 1892 splendentia
1192 1860 1318 1888 cuncta.

959 1935 1003 1968 Et
1031 1936 1070 1968 de
1090 1938 1239 1971 omnibus
1265 1940 1406 1972 maxime

962 1986 1078 2024 emptis
1105 1987 1247 2026 pretioso

964 2032 1085 2066 Christi
1112 2036 1276 2076 sanguine,

960 2082 1088 2114 nomina
1115 2093 1249 2124 quorum

961 2130 1083 2170 scripta
1109 2137 1182 2164 sunt
1208 2133 1242 2165 in

958 2177 1043 2210 libro
1069 2179 1166 2213 vitae.

961 2259 1063 2293 Stella
1090 2262 1235 2301 pretiosa
1258 2265 1358 2297 maris

959 2308 1122 2350 vocitaris,

959 2357 1072 2398 electa,

958 2405 1035 2438 iuva
1062 2407 1186 2439 devotis
1214 2410 1288 2449 tuis,

961 2463 980 2486 o
1007 2455 1145 2490 domina.
