1654 2756
674 136 911 172 -60-

144 233 204 267 7a.
234 233 296 266 Per
320 242 429 266 aurem
458 233 641 273 concipiens

279 281 356 314 Veri
382 282 458 314 solis
485 281 611 313 radium

229 330 317 361 Nihil
343 330 419 361 mali
445 329 586 361 sentiens

278 378 379 416 Pan's,
408 378 508 418 virgo,
536 377 649 412 filium.

139 475 201 508 8a.
229 474 327 513 Audi,
355 479 458 506 mater
483 474 624 517 Domini,

276 522 326 554 De
352 523 513 554 caelorum
540 522 643 563 apice,

226 571 310 602 Huic
335 574 477 603 astantes
504 572 639 604 carmini

274 619 463 651 Miserando
490 620 626 660 respice.

840 233 898 267 7b.
925 233 1044 267 Natum
1071 235 1105 266 in
1130 235 1322 276 praesaepio

972 283 1069 316 Ponis
1095 282 1292 325 animalium,

924 329 985 369 Qui
1011 335 1101 363 caret
1126 331 1298 374 principio,

973 380 1158 413 Creatorem
1183 380 1335 415 omnium.

838 475 898 508 8b.
925 475 1119 518 Imperatrix
1146 475 1277 520 gloriae,

972 525 1039 557 Nos
1065 534 1085 557 a
1110 524 1203 556 malis
1229 525 1329 568 eripe,

921 572 1008 605 Fons
1035 573 1277 606 misericordiae

969 621 1038 653 Ave
1063 626 1206 653 nostrum
1232 620 1371 662 suscipe.

627 716 659 747 9.
682 717 764 755 Ave,
792 725 862 756 ave,
889 725 960 749 ave.

206 810 289 836 Miss.
312 810 480 838 Morinense
506 812 574 846 imp.
598 810 756 846 Rotomagi
780 809 863 837 1516.
885 812 919 837 A.
937 825 971 831 —-
988 813 1070 839 Miss.
1092 813 1266 840 Morinense
1287 813 1458 849 imp.Roto-

127 849 205 884 magi
231 846 313 875 1523.
334 849 367 875 B.
389 862 425 867 -—
448 847 497 880 2a,
519 847 537 875 ‘2
559 849 705 876 Dominus
726 853 822 876 tecum
844 850 905 876 AB.
927 863 964 869 —
985 849 1039 883 7a,
1059 849 1077 877 2
1098 851 1163 878 Viri
1186 851 1220 877 A.

542 1000 590 1031 46.
625 1000 659 1030 ln
681 999 930 1032 Annuntiatione
952 1001 1041 1032 BMV.

139 1102 198 1134 la.
229 1101 296 1132 Rex
325 1100 404 1132 caeli
433 1105 462 1132 et
492 1105 599 1131 terrae

228 1148 348 1179 Nolens
375 1149 461 1180 ultra
486 1148 572 1179 ferre

272 1197 376 1228 Mittit
400 1198 440 1229 ad
470 1197 625 1236 virginem

274 1246 335 1277 Per
362 1243 585 1276 fortitudinem

322 1293 429 1332 Spem,
454 1293 552 1324 vitam
579 1293 751 1324 hominum.

136 1392 195 1422 2a.
224 1389 364 1421 Mutavit
390 1393 537 1421 naturam

272 1438 428 1469 Caelestis
455 1437 587 1479 arbiter,

223 1486 403 1517 Humanam
429 1485 563 1526 figuram

270 1534 430 1566 Adiunxit
455 1535 578 1574 pariter

319 1582 401 1614 Suae
429 1583 552 1614 deitati.

129 1682 190 1713 3a.
221 1679 328 1710 Fortis
356 1679 526 1718 prosiliens

272 1727 322 1758 Ex
348 1727 500 1758 membris
527 1727 670 1766 virginis,

224 1776 360 1809 Carnem
387 1775 558 1807 conficiens

272 1824 386 1856 Miseri
412 1824 560 1865 hominis,

320 1871 440 1904 Factor
466 1872 640 1913 gloriosu83

134 1973 194 2005 4a.
223 1971 306 2003 Dum
333 1971 402 2002 Are
427 1970 562 2011 protulit

270 2019 414 2059 Angelus
442 2018 569 2058 virgini,

223 2068 294 2100 Hoc
321 2066 420 2099 fetum
448 2067 564 2099 detulit

271 2116 372 2148 Matri
399 2121 430 2148 et
456 2115 572 2156 virgini

321 2164 417 2197 Casto
442 2165 475 2196 in
502 2163 632 2204 gremio.

133 2263 192 2294 5a.
220 2261 332 2294 Placet
358 2261 437 2294 haec
462 2261 537 2293 unio

270 2310 361 2342 Flori
388 2311 542 2351 virgineo,

222 2359 308 2391 Rosa
335 2368 405 2391 cum
432 2359 499 2391 lilio

271 2407 397 2440 Gaudet
426 2408 465 2440 de
493 2407 558 2439 filio

319 2456 485 2496 Regnante
513 2457 544 2488 in
571 2456 661 2491 solio.

834 1100 891 1133 lb.
916 1101 1008 1133 Haec
1032 1101 1194 1142 salutatio,

919 1150 1005 1181 Vera
1030 1148 1199 1189 perfectio,

969 1197 1072 1230 Saluti
1099 1197 1255 1240 congruit,

966 1246 1050 1278 Dum
1076 1246 1168 1287 virgo
1195 1247 1331 1285 protulit

1016 1294 1194 1326 Caelestem
1221 1294 1405 1328 Dominum.

831 1389 887 1421 2b.
918 1389 1063 1422 Salvavit
1090 1389 1247 1423 facturam

965 1439 1069 1471 Natus
1096 1439 1245 1480 viriliter,

917 1487 1048 1519 Omnem
1075 1488 1255 1520 nocituram

966 1536 1103 1575 Fugavit
1131 1535 1260 1568 fortiter

1015 1585 1167 1616 Reddens
1195 1586 1335 1618 sanitati.

829 1680 889 1713 3b.
919 1681 1033 1713 Votum
1061 1681 1204 1712 abiciens

963 1730 1099 1761 Tenoris
1128 1730 1256 1766 veteris,

917 1776 1069 1809 Normam
1097 1777 1270 1810 conficiens

965 1826 1065 1857 Novis
1093 1835 1131 1857 ex
1158 1826 1273 1869 literis,

1012 1874 1130 1906 Forma
1154 1876 1329 1914 speciosus.

826 1968 885 2003 4b.
913 1972 1066 2010 Attende‚
1094 1972 1223 2011 pudica.

962 2020 1061 2062 Audi,
1088 2020 1235 2058 mirifica,

916 2068 1021 2100 Verba
1048 2069 1204 2110 angelica,

963 2117 1009 2149 Te
1036 2118 1138 2149 virtus
1165 2118 1286 2151 caelica

1013 2165 1151 2198 Umbrat
1176 2167 1208 2198 in
1235 2173 1338 2201 utero.

828 2259 887 2292 5b.
914 2260 1019 2293 Erunt
1044 2263 1165 2294 solacia

963 2311 1000 2342 In
1026 2312 1107 2342 caeli
1133 2312 1250 2356 patria,

916 2357 1088 2391 Tolluntur
1114 2360 1193 2392 vitia

965 2408 1027 2440 Per
1053 2409 1164 2440 mundi
1190 2411 1306 2452 spatia,

1015 2456 1096 2489 Nam
1126 2458 1222 2490 datur
1246 2461 1362 2501 gratia.
