1654 2756
698 145 935 180 —238—

168 247 230 277 4a.
263 245 488 285 Magnanimus
514 244 701 284 imperator,
866 243 930 278 4b.
960 243 1004 275 Et
1029 241 1187 274 barbaros
1214 240 1404 276 Saracenos,

266 293 438 325 Exercitus
465 292 650 331 moderator
962 291 1032 323 Hos
1057 299 1077 322 a
1101 289 1167 322 fide
1193 289 1325 329 alienos,

315 341 421 373 Multa
447 341 512 372 suis
539 338 737 374 conferebat.
1012 338 1181 379 Baptizari
1207 336 1358 370 faciebat.

172 430 233 460 5a.
265 427 335 459 Rex
362 426 457 458 fateri
484 426 666 465 verebatur,
870 427 934 460 5b.
964 426 1025 459 Est
1051 425 1092 458 ab
1119 425 1186 457 alto
1210 428 1300 457 carta
1326 423 1434 464 missa,

267 475 395 507 Pudore
421 473 690 514 confundebatur,
964 475 1003 507 In
1029 483 1092 514 qua
1117 474 1185 514 regi
1213 477 1263 504 est
1287 472 1421 504 dimissa

316 524 488 556 Peccatum
516 524 698 563 relaxatur,
1014 522 1153 564 Offensa,
1183 522 1259 554 dum
1284 524 1449 562 precatur.

172 611 234 643 6a.
267 610 292 643 Ο
318 610 436 642 Carole
459 610 623 649 bellicose,
871 609 933 643 6b.
965 610 1082 641 Fortes
1107 609 1206 640 simus
1230 608 1263 640 in
1289 606 1437 640 adversis

270 658 374 690 Huius
400 658 486 690 vitae
511 658 701 690 tenebrosae
966 656 1036 688 Nec
1062 657 1229 688 vincamur
1254 666 1274 688 a
1300 654 1464 696 perversis

320 707 482 738 Timemus
509 707 672 748 pericula,
1016 705 1079 737 Per
1105 705 1190 737 vitae
1214 704 1386 738 curricula.

177 793 238 826 va.
270 793 415 833 Regnum
442 801 540 833 regno
567 795 790 833 commutatur,
874 791 937 825 7b.
968 791 1013 823 Et
1039 791 1080 822 de
1103 800 1202 832 regno
1228 791 1402 831 temporali

274 842 352 874 Post
375 849 492 880 agones
519 844 690 881 superatur
968 839 1063 871 Hunc
1088 839 1122 871 in
1147 849 1246 880 regno
1272 839 1463 880 triumphali

321 889 438 921 Mortis
465 889 505 921 ab
531 889 678 929 imperio,
1018 886 1212 919 Sublimavit
1238 888 1329 919 solio.

178 976 237 1007 Sa.
270 975 334 1008 Ubi
363 984 425 1007 non
451 975 517 1006 vita
543 974 700 1013 mortalis,
873 974 937 1007 Sb.
969 973 1020 1006 Ibi
1047 983 1160 1006 secura
1186 973 1325 1014 requies,

274 1023 338 1055 Sed
364 1023 409 1054 ibi
436 1023 502 1054 vita
528 1023 647 1061 vitalis,
970 1021 1020 1053 Ibi
1046 1022 1115 1066 sine
1141 1025 1236 1053 nocte
1263 1022 1342 1063 dies,

322 1071 386 1103 Ubi
413 1079 504 1110 reges
531 1074 734 1105 coronantur.
1016 1070 1069 1102 Ibi
1097 1071 1194 1102 duces
1218 1070 1417 1102 laureantur.

254 1149 392 1182 sequent.
417 1155 468 1173 ms.
491 1147 717 1174 Ravennatense
739 1147 810 1173 anni
838 1144 995 1174 1585—87.
1019 1147 1090 1174 Cod.
1105 1147 1239 1174 Classen.
1260 1144 1317 1174 360
1336 1144 1414 1177 (139.
1435 1145 1463 1174 5.
1479 1146 1518 1179 S).

600 1249 665 1280 262.
708 1249 749 1280 De
772 1251 882 1281 sancta
903 1249 1094 1281 Katharina.

183 1321 242 1352 la.
275 1321 355 1359 Ave,
383 1320 575 1359 Katharina,
879 1320 941 1354 lb.
977 1320 1083 1361 Virgo,
1111 1320 1181 1352 Deo
1209 1321 1317 1361 digna,

279 1368 328 1399 Tu
354 1367 412 1399 flos
439 1377 552 1399 carens
578 1368 682 1408 spina,
974 1369 1067 1400 Mitis
1094 1373 1125 1399 et
1152 1368 1301 1409 benigna,

280 1416 347 1448 Nos
373 1412 490 1459 [salva]
517 1426 534 1447 a
562 1416 664 1454 ruina,
976 1416 1124 1449 Christus
1151 1425 1211 1456 per
1237 1421 1268 1448 te
1296 1417 1352 1449 dat
1380 1417 1482 1457 signa,

327 1464 414 1496 Costi
440 1464 524 1503 regis
550 1463 627 1497 filia.
1026 1464 1102 1496 Plus
1129 1465 1291 1505 candens,
1319 1475 1414 1506 quam
1440 1466 1521 1500 lilia.

183 1552 240 1583 211.
274 1549 431 1581 Doctores
457 1554 492 1581 tu
519 1551 635 1591 vicisti,
880 1550 943 1585 2b.
975 1551 1036 1590 Qui
1061 1550 1159 1583 fidem
1185 1552 1362 1592 elegerunt,

277 1597 302 1630 Ο
331 1598 427 1638 digna
453 1603 577 1638 martyr
603 1598 737 1638 Christi,
977 1599 1056 1632 Cum
1082 1600 1188 1631 Iesum
1212 1600 1425 1632 crediderunt

329 1647 378 1677 Tu
410 1647 537 1678 doctrix
566 1656 676 1678 sacrae
703 1647 819 1687 gentis,
1025 1647 1091 1679 Sub
1119 1649 1204 1679 veris
1230 1650 1441 1688 argumentis.

184 1734 243 1766 3a.
275 1732 427 1772 Martyiii
454 1733 632 1764 sacramine
883 1733 943 1767 3b.
976 1734 1062 1765 Hinc
1088 1737 1120 1765 et
1145 1738 1179 1765 tu
1206 1734 1287 1766 caeli
1314 1735 1430 1766 solium

283 1781 346 1812 Pro
373 1780 526 1820 baptismi
551 1781 706 1812 solamine
979 1781 1105 1813 Tenens
1131 1787 1205 1821 post
1230 1783 1342 1815 mundi
1369 1783 1481 1815 lolium

329 1828 373 1859 Hi
400 1832 526 1859 sumunt
551 1829 706 1868 praemia.
1029 1829 1114 1861 Colis
1141 1834 1274 1862 aeterna
1299 1832 1428 1873 gaudia.

184 1915 246 1947 4a.
275 1914 362 1953 Quae
397 1915 517 1946 dormis
542 1915 575 1946 in
602 1914 680 1946 Sina
705 1919 823 1957 monte,
885 1915 949 1948 4b.
982 1917 1028 1950 Ut
1062 1920 1135 1956 post
1162 1926 1290 1949 cursum
1317 1919 1412 1951 huius
1439 1920 1525 1953 vitae

281 1962 330 1994 Tu
357 1961 419 2003 fac,
446 1972 503 1994 nos
528 1967 655 1995 sacrato
682 1962 769 1995 fonte
983 1965 1046 1997 Per
1070 1965 1245 1997 iucundum
1272 1976 1330 1999 nos
1360 1968 1473 2001 Venite

331 2010 480 2043 Sanctius
506 2011 657 2053 repletos
1030 2013 1118 2045 Deus
1145 2015 1243 2046 donet
1268 2011 1413 2060 [laetos]

265 2086 347 2114 offic.
376 2090 404 2114 et
427 2087 564 2121 Sequent.
587 2095 640 2113 ms.
663 2085 892 2114 Constantiense
914 2097 990 2115 saec.
1012 2087 1088 2116 ¹³1³14.
1111 2090 1182 2117 Cod.
1205 2091 1377 2127 Sangallen.
1399 2091 1466 2120 472.
1489 2107 1527 2112 -—

189 2124 240 2158 2a,
263 2123 280 2151 2
296 2126 439 2153 Doctores
456 2130 484 2153 et
498 2126 608 2152 vicisti.
624 2139 662 2143 —
678 2124 796 2152 Voraus
812 2125 881 2162 geht
897 2126 948 2154 der
961 2128 1077 2163 Tropus
1094 2137 1182 2164 super
1196 2130 1344 2158 Alleluia:
1369 2131 1527 2166 „Kathari-

187 2173 255 2190 nam
278 2164 470 2200 desponsavit
487 2162 491 2199 Ι
511 2165 576 2192 Sibi
597 2163 771 2192 castitatis.“

602 2268 669 2300 263.
712 2268 756 2300 De
778 2270 890 2300 sancta
910 2268 1104 2301 Katharina.

190 2350 249 2383 la.
281 2349 390 2382 Omnis
416 2349 554 2382 mundus
890 2350 952 2384 lb.
981 2351 1103 2383 Noster
1129 2356 1239 2386 coetus

287 2397 517 2430 Laetabundus
983 2399 1101 2433 Cantet
1126 2401 1231 2434 laetus

336 2446 459 2479 Psallat
485 2455 556 2479 cum
580 2446 722 2489 laetitia;
1031 2448 1169 2482 Remota
1194 2450 1348 2492 tristitia;
