1654 2756
739 163 981 200 -43-

216 257 280 291 2a.
307 258 393 292 Nam
420 260 579 303 benignus
605 263 750 305 spiritus,
921 264 983 298 2b.
1009 264 1125 297 Statim
1151 266 1290 294 mentem
1317 263 1454 295 suscitat

306 307 456 342 Dextrae
481 310 543 343 Dei
571 312 691 352 digitus
1011 313 1054 346 Et
1081 321 1222 345 amorem
1249 311 1368 343 excitat

358 358 498 391 Pulsans
515 360 654 392 chordas
670 359 828 400 cordium,
1060 360 1221 394 Cordibus
1246 359 1401 394 fidelium.

220 444 281 478 32³.
310 445 374 478 Pro
400 447 494 479 nobis
521 448 695 488 gemitibus
920 448 980 482 3b.
1008 449 1144 490 Quando
1172 447 1249 480 facit
1275 452 1388 488 petere

307 495 588 528 Inenarrabilibus
1009 497 1132 529 Bonum
1161 501 1193 528 et
1218 501 1385 537 appetere,

356 542 434 576 Cum
461 543 577 576 effectu
603 543 758 584 postulat,
1058 546 1119 585 Qui
1144 545 1190 576 sic
1218 546 1303 577 dona
1329 546 1482 579 cumulat.

216 630 278 663 4a.
306 630 374 662 Iam
403 630 491 662 dulci
517 631 673 663 solamine
921 632 981 667 4b.
1010 633 1120 673 Posse,
1148 633 1233 672 quod
1260 641 1323 664 non
1350 636 1490 673 poterat,

305 678 400 710 Mens
426 679 603 711 mundatur
628 679 762 712 crimine
1006 681 1098 722 Esse,
1127 680 1211 720 quod
1239 690 1304 712 non
1332 680 1447 722 fuerat,

354 727 562 768 Miraturque
587 728 695 760 subito
1057 731 1094 762 In
1123 730 1182 761 hoe
1209 729 1270 761 Dei
1299 729 1410 769 digito,
1470 738 1478 747 ‘

216 815 279 847 52..
307 815 347 848 111
372 825 434 855 quo
460 825 537 848 vere
563 817 710 855 vivimus,
920 817 978 850 5b.
1005 819 1043 850 In
1068 827 1129 858 quo
1158 817 1277 848 dantur
1303 826 1446 856 munera,

305 863 337 896 A
363 873 426 904 quo
452 874 527 896 vere
554 865 716 897 credimus
1008 866 1229 898 Remittuntur
1256 866 1392 903 scelera,

356 912 520 946 Universa
542 914 692 953 condita3
1058 916 1295 947 Restaurantur
1321 914 1462 954 perdita.

624 1002 655 1036 6.
685 1000 798 1033 Oleum
825 1001 979 1044 laetitiae,

680 1048 883 1088 Dispartitor
907 1050 1032 1090 gratiae

732 1097 797 1129 Sed
824 1097 1046 1130 indivisibilis.

218 1183 279 1216 7a.
307 1183 397 1223 Ignis
422 1193 519 1216 urens
547 1185 636 1225 vitia,
919 1185 979 1218 7b.
1006 1186 1138 1222 Auster,
1166 1185 1219 1224 qui
1248 1185 1443 1216 charismata

305 1231 444 1263 Flumen
470 1233 579 1274 rigans
607 1233 696 1265 varia
1010 1233 1156 1273 Confert,
1185 1237 1215 1264 et
1245 1237 1391 1265 aromata

355 1281 473 1317 Corda,
501 1290 582 1322 qnae
610 1282 768 1315 docuerit.
1056 1283 1189 1319 Fluunt,
1219 1282 1293 1313 dum
1320 1281 1503 1316 adflaverit.

217 1368 278 1402 Sa.
306 1369 399 1409 Veni,
426 1379 516 1409 aura,
544 1374 731 1411 temperans
921 1370 980 1404 δί).
1010 1369 1184 1411 Splendor,
1214 1378 1269 1401 cor
1294 1370 1481 1402 illuminans

307 1418 424 1450 Omnia
451 1422 483 1449 et
509 1419 682 1451 moderans
1006 1419 1051 1451 Et
1077 1419 1118 1451 ob
1145 1418 1206 1450 hoc
1233 1418 1404 1449 eliminans

356 1466 474 1499 Omnes
501 1477 612 1499 sensus
638 1467 794 1507 hominis3
1056 1468 1207 1500 Taetram
1217 1467 1528 1500 umbramcriminis.

217 1555 278 1587 9a.
307 1553 369 1585 Dei
397 1555 527 1593 donum⁷
556 1556 686 1597 caritas,
919 1555 978 1590 9b.
1006 1556 1179 1588 Rationum
1206 1556 1300 1593 ratio,

304 1603 392 1635 Fons
419 1603 586 1643 bonorum,
614 1604 753 1643 bonitas,
1008 1604 1105 1637 Certa
1132 1604 1319 1643 consolatio,

312 1685 315 1687 .
353 1652 460 1685 Amor
483 1653 711 1692 suavissimus3
1055 1654 1159 1686 Tutor
1183 1653 1445 1693 benignissimus,

193 1739 237 1774 10
248 1749 277 1774 a.
306 1741 335 1772 A
363 1744 457 1780 patre
484 1741 628 1782 ingenito
898 1742 942 1775 10
954 1741 985 1775 b.
1015 1742 1153 1782 Utrique
1180 1742 1357 1774 consimilis

305 1789 349 1821 Et
375 1790 477 1830 ipsius
504 1791 613 1832 genito
1005 1790 1049 1823 Et
1075 1791 1196 1822 honore
1223 1791 1337 1830 parilis

351 1839 536 1871 Procedens
563 1839 754 1880 aequaliter,
1054 1839 1317 1874 Indivisibiliter.

188 1924 272 1961 lla.
301 1925 478 1959 Habitator
503 1928 657 1960 mentium
892 1927 975 1961 11b.
1004 1927 1157 1961 Ebrietas
1184 1927 1304 1969 sobria⁷

302 1975 348 2007 Te
374 1976 427 2016 pie
451 1978 674 2016 quaerentium
1004 1977 1132 2009 Mentes
1159 1981 1287 2008 nostras
1315 1976 1438 2015 debria‚

349 2023 392 2056 Et
418 2026 575 2068 magister
600 2026 731 2066 optime,
1053 2026 1227 2064 Gaudium,
1255 2035 1319 2065 pax
1347 2026 1485 2058 animae.

188 2111 232 2146 12
243 2121 273 2145 a.
299 2112 367 2145 Par
392 2113 479 2153 patri
506 2118 537 2146 et
561 2113 640 2156 filio,
892 2116 935 2147 12
948 2113 981 2147 b.
1008 2114 1063 2156 Et,
1091 2114 1177 2155 quod
1206 2122 1281 2144 vere
1309 2113 1440 2153 diceris,

301 2161 382 2194 Alto
408 2172 466 2194 nos
493 2163 629 2196 consilio
1005 2163 1108 2195 Nobis
1137 2171 1208 2193 esse
1233 2162 1360 2193 miseris

351 2210 530 2244 Consolare
557 2213 692 2245 caelitus
1053 2211 1216 2253 Digneris,
1245 2211 1435 2253 paraclitusv

187 2301 230 2333 13
242 2309 271 2332 a.
300 2299 346 2333 Ut
372 2300 405 2332 in
432 2301 637 2342 spiritalibus
892 2300 974 2333 13b.
1004 2300 1248 2340 Consequamur
1273 2303 1386 2340 postea

297 2349 406 2390 Atque
433 2351 669 2391 temporalibus
1004 2349 1050 2380 Te
1078 2349 1159 2380 duce
1186 2347 1314 2380 siderea

345 2400 492 2440 Agentes
515 2399 658 2432 feliciter
1052 2397 1166 2438 Regna
1193 2397 1274 2429 caeli
1301 2397 1430 2439 iugiter.

251 2476 338 2504 Miss.
358 2477 553 2505 Ruthenense
575 2479 645 2514 imp.
667 2476 809 2512 Lugduni
830 2485 874 2504 ca.
900 2474 983 2504 1540.
1006 2490 1042 2494 —
1066 2474 1118 2509 Tb,
1134 2473 1152 2502 2
1173 2476 1258 2504 Mens
1279 2475 1343 2503 fert.
1361 2492 1398 2495 —
1422 2474 1457 2505 13
1467 2486 1493 2509 a,
1510 2475 1529 2505 2

174 2515 216 2544 Et
237 2516 464 2552 temporalibus.
