<?xml version="1.0" encoding="UTF-8"?>
<!DOCTYPE html PUBLIC "-//W3C//DTD XHTML 1.0 Transitional//EN"
    "http://www.w3.org/TR/xhtml1/DTD/xhtml1-transitional.dtd">
<html xmlns="http://www.w3.org/1999/xhtml" xml:lang="en" lang="en">
 <head>
  <title>
</title>
<meta http-equiv="Content-Type" content="text/html;charset=utf-8" />
  <meta name='ocr-system' content='tesseract 3.04.00' />
  <meta name='ocr-capabilities' content='ocr_page ocr_carea ocr_par ocr_line ocrx_word'/>
</head>
<body>
  <div class='ocr_page' id='page_1' title='image "./analectahymnica42drevuoft_0216.png"; bbox 0 0 1654 2756; ppageno 0'>
   <div class='ocr_carea' id='block_1_1' title="bbox 699 166 961 202">
    <p class='ocr_par' dir='ltr' id='par_1_1' title="bbox 699 166 961 202">
     <span class='ocr_line' id='line_1_1' title="bbox 699 166 961 202; baseline 0.004 -1"><span class='ocrx_word' id='word_1_1' title='bbox 699 166 961 202; x_wconf 84' lang='lat'>—213—</span> 
     </span>
    </p>
   </div>
   <div class='ocr_carea' id='block_1_2' title="bbox 539 258 1114 296">
    <p class='ocr_par' dir='ltr' id='par_1_2' title="bbox 539 258 1114 296">
     <span class='ocr_line' id='line_1_2' title="bbox 539 258 1114 296; baseline 0.01 -6"><span class='ocrx_word' id='word_1_2' title='bbox 539 258 608 290; x_wconf 82' lang='lat'><strong><em>232.</em></strong></span> <span class='ocrx_word' id='word_1_3' title='bbox 641 260 683 292; x_wconf 81' lang='lat' dir='ltr'><strong>De</strong></span> <span class='ocrx_word' id='word_1_4' title='bbox 705 269 730 291; x_wconf 84' lang='lat' dir='ltr'><strong>s.</strong></span> <span class='ocrx_word' id='word_1_5' title='bbox 751 261 909 294; x_wconf 76' lang='lat' dir='ltr'><strong>oet-trude</strong></span> <span class='ocrx_word' id='word_1_6' title='bbox 930 262 1114 296; x_wconf 78' lang='lat' dir='ltr'><strong>Nivolleusi.</strong></span> 
     </span>
    </p>
   </div>
   <div class='ocr_carea' id='block_1_3' title="bbox 159 338 774 476">
    <p class='ocr_par' dir='ltr' id='par_1_3' title="bbox 159 338 774 476">
     <span class='ocr_line' id='line_1_3' title="bbox 159 338 737 380; baseline 0.003 -8"><span class='ocrx_word' id='word_1_7' title='bbox 159 338 220 372; x_wconf 86' lang='lat' dir='ltr'><strong>1a.</strong></span> <span class='ocrx_word' id='word_1_8' title='bbox 253 338 320 372; x_wconf 86' lang='lat' dir='ltr'><strong>Ora</strong></span> <span class='ocrx_word' id='word_1_9' title='bbox 345 347 407 379; x_wconf 90' lang='lat' dir='ltr'><strong>pro</strong></span> <span class='ocrx_word' id='word_1_10' title='bbox 432 338 526 372; x_wconf 89' lang='lat' dir='ltr'><strong>nobis</strong></span> <span class='ocrx_word' id='word_1_11' title='bbox 552 340 737 380; x_wconf 83' lang='lat' dir='ltr'><strong>Dominum,</strong></span> 
     </span>
     <span class='ocr_line' id='line_1_4' title="bbox 256 386 774 431; baseline 0.004 -11"><span class='ocrx_word' id='word_1_12' title='bbox 256 386 444 427; x_wconf 63' lang='lat' dir='ltr'><strong>Germ-ndis,</strong></span> <span class='ocrx_word' id='word_1_13' title='bbox 473 387 574 421; x_wconf 85' lang='lat' dir='ltr'><strong>decus</strong></span> <span class='ocrx_word' id='word_1_14' title='bbox 599 389 774 431; x_wconf 86' lang='lat' dir='ltr'><strong>virginum,</strong></span> 
     </span>
     <span class='ocr_line' id='line_1_5' title="bbox 306 435 682 476; baseline 0.008 -9"><span class='ocrx_word' id='word_1_15' title='bbox 306 435 517 476; x_wconf 84' lang='lat' dir='ltr'><strong>Impetrando</strong></span> <span class='ocrx_word' id='word_1_16' title='bbox 543 437 682 471; x_wconf 89' lang='lat' dir='ltr'><strong>veniam.</strong></span> 
     </span>
    </p>
   </div>
   <div class='ocr_carea' id='block_1_4' title="bbox 158 531 745 671">
    <p class='ocr_par' dir='ltr' id='par_1_4' title="bbox 158 531 745 671">
     <span class='ocr_line' id='line_1_6' title="bbox 158 531 686 575; baseline 0.002 -9"><span class='ocrx_word' id='word_1_17' title='bbox 158 533 222 566; x_wconf 84' lang='lat' dir='ltr'><strong>2a.</strong></span> <span class='ocrx_word' id='word_1_18' title='bbox 255 533 281 566; x_wconf 97' lang='lat' dir='ltr'>O</span> <span class='ocrx_word' id='word_1_19' title='bbox 309 531 494 575; x_wconf 84' lang='lat' dir='ltr'><strong>Gertrudis‚</strong></span> <span class='ocrx_word' id='word_1_20' title='bbox 522 533 686 567; x_wconf 86' lang='lat' dir='ltr'><strong>medicina</strong></span> 
     </span>
     <span class='ocr_line' id='line_1_7' title="bbox 258 581 745 624; baseline 0.004 -11"><span class='ocrx_word' id='word_1_21' title='bbox 258 581 381 624; x_wconf 87' lang='lat' dir='ltr'><strong>Morbi,</strong></span> <span class='ocrx_word' id='word_1_22' title='bbox 407 591 532 614; x_wconf 85' lang='lat' dir='ltr'><strong>morum</strong></span> <span class='ocrx_word' id='word_1_23' title='bbox 560 582 745 623; x_wconf 76' lang='lat' dir='ltr'>disciplina,</span> 
     </span>
     <span class='ocr_line' id='line_1_8' title="bbox 306 629 704 671; baseline 0.005 -10"><span class='ocrx_word' id='word_1_24' title='bbox 306 629 443 662; x_wconf 88' lang='lat' dir='ltr'><strong>Veneris</strong></span> <span class='ocrx_word' id='word_1_25' title='bbox 470 630 704 671; x_wconf 77' lang='lat' dir='ltr'><strong>umbraculum,</strong></span> 
     </span>
    </p>
   </div>
   <div class='ocr_carea' id='block_1_5' title="bbox 160 726 797 865">
    <p class='ocr_par' dir='ltr' id='par_1_5' title="bbox 160 726 797 865">
     <span class='ocr_line' id='line_1_9' title="bbox 160 726 797 770; baseline 0 -10"><span class='ocrx_word' id='word_1_26' title='bbox 160 727 220 760; x_wconf 86' lang='lat' dir='ltr'><strong>3a.</strong></span> <span class='ocrx_word' id='word_1_27' title='bbox 253 727 322 759; x_wconf 89' lang='lat' dir='ltr'><strong>Nos</strong></span> <span class='ocrx_word' id='word_1_28' title='bbox 348 730 535 768; x_wconf 83' lang='lat' dir='ltr'><strong>prementes</strong></span> <span class='ocrx_word' id='word_1_29' title='bbox 553 728 663 761; x_wconf 90' lang='lat' dir='ltr'><strong>hostes</strong></span> <span class='ocrx_word' id='word_1_30' title='bbox 682 726 797 770; x_wconf 84' lang='lat' dir='ltr'><strong>frange</strong></span> 
     </span>
     <span class='ocr_line' id='line_1_10' title="bbox 255 776 740 817; baseline 0.006 -11"><span class='ocrx_word' id='word_1_31' title='bbox 255 777 365 815; x_wconf 85' lang='lat' dir='ltr'><strong>Atque</strong></span> <span class='ocrx_word' id='word_1_32' title='bbox 388 776 483 808; x_wconf 87' lang='lat' dir='ltr'><strong>nobis</strong></span> <span class='ocrx_word' id='word_1_33' title='bbox 508 776 568 809; x_wconf 87' lang='lat' dir='ltr'><strong>hos</strong></span> <span class='ocrx_word' id='word_1_34' title='bbox 594 777 740 817; x_wconf 82' lang='lat' dir='ltr'><strong>subange</strong></span> 
     </span>
     <span class='ocr_line' id='line_1_11' title="bbox 302 824 699 865; baseline 0.003 -9"><span class='ocrx_word' id='word_1_35' title='bbox 302 824 491 865; x_wconf 75' lang='lat' dir='ltr'>Horamque</span> <span class='ocrx_word' id='word_1_36' title='bbox 516 826 699 864; x_wconf 87' lang='lat' dir='ltr'><strong>vesaniam;</strong></span> 
     </span>
    </p>
   </div>
   <div class='ocr_carea' id='block_1_6' title="bbox 157 920 726 1052">
    <p class='ocr_par' dir='ltr' id='par_1_6' title="bbox 157 920 726 1052">
     <span class='ocr_line' id='line_1_12' title="bbox 157 920 726 962; baseline 0 -8"><span class='ocrx_word' id='word_1_37' title='bbox 157 922 219 954; x_wconf 72' lang='lat'><strong>48.</strong></span> <span class='ocrx_word' id='word_1_38' title='bbox 251 920 348 953; x_wconf 88' lang='lat' dir='ltr'><strong>Solve</strong></span> <span class='ocrx_word' id='word_1_39' title='bbox 375 920 482 954; x_wconf 88' lang='lat' dir='ltr'><strong>vincla</strong></span> <span class='ocrx_word' id='word_1_40' title='bbox 508 926 726 962; x_wconf 86' lang='lat' dir='ltr'><strong>peccatorum,</strong></span> 
     </span>
     <span class='ocr_line' id='line_1_13' title="bbox 254 969 710 1010; baseline 0.004 -9"><span class='ocrx_word' id='word_1_41' title='bbox 254 969 360 1001; x_wconf 85' lang='lat' dir='ltr'><strong>Prece</strong></span> <span class='ocrx_word' id='word_1_42' title='bbox 384 974 458 1002; x_wconf 83' lang='lat' dir='ltr'><strong>tuos</strong></span> <span class='ocrx_word' id='word_1_43' title='bbox 483 979 560 1010; x_wconf 82' lang='lat' dir='ltr'><strong>rege</strong></span> <span class='ocrx_word' id='word_1_44' title='bbox 585 979 710 1003; x_wconf 87' lang='lat' dir='ltr'><strong>morum</strong></span> 
     </span>
     <span class='ocr_line' id='line_1_14' title="bbox 303 1018 636 1052; baseline 0.006 -3"><span class='ocrx_word' id='word_1_45' title='bbox 303 1018 347 1050; x_wconf 88' lang='lat' dir='ltr'><strong>Et</strong></span> <span class='ocrx_word' id='word_1_46' title='bbox 373 1018 487 1051; x_wconf 82' lang='lat' dir='ltr'><strong>salutis</strong></span> <span class='ocrx_word' id='word_1_47' title='bbox 513 1019 546 1051; x_wconf 93' lang='lat' dir='ltr'><strong>in</strong></span> <span class='ocrx_word' id='word_1_48' title='bbox 575 1019 636 1052; x_wconf 84' lang='lat' dir='ltr'><strong>via.</strong></span> 
     </span>
    </p>
   </div>
   <div class='ocr_carea' id='block_1_7' title="bbox 157 1114 706 1252">
    <p class='ocr_par' dir='ltr' id='par_1_7' title="bbox 157 1114 706 1252">
     <span class='ocr_line' id='line_1_15' title="bbox 157 1114 684 1154; baseline -0.002 -6"><span class='ocrx_word' id='word_1_49' title='bbox 157 1117 218 1148; x_wconf 89' lang='lat' dir='ltr'><strong>5a.</strong></span> <span class='ocrx_word' id='word_1_50' title='bbox 251 1115 295 1148; x_wconf 88' lang='lat' dir='ltr'><strong>Ut</strong></span> <span class='ocrx_word' id='word_1_51' title='bbox 322 1119 397 1154; x_wconf 89' lang='lat' dir='ltr'><strong>post</strong></span> <span class='ocrx_word' id='word_1_52' title='bbox 422 1114 511 1147; x_wconf 89' lang='lat' dir='ltr'><strong>istud</strong></span> <span class='ocrx_word' id='word_1_53' title='bbox 535 1115 684 1147; x_wconf 86' lang='lat' dir='ltr'><strong>exsilium</strong></span> 
     </span>
     <span class='ocr_line' id='line_1_16' title="bbox 252 1163 706 1203; baseline -0.002 -7"><span class='ocrx_word' id='word_1_54' title='bbox 252 1163 421 1203; x_wconf 87' lang='lat' dir='ltr'><strong>Huiusque</strong></span> <span class='ocrx_word' id='word_1_55' title='bbox 448 1164 535 1195; x_wconf 84' lang='lat' dir='ltr'><strong>vitae</strong></span> <span class='ocrx_word' id='word_1_56' title='bbox 561 1164 706 1196; x_wconf 78' lang='lat' dir='ltr'><strong>taedium</strong></span> 
     </span>
     <span class='ocr_line' id='line_1_17' title="bbox 298 1210 612 1252; baseline 0 -8"><span class='ocrx_word' id='word_1_57' title='bbox 298 1211 389 1244; x_wconf 89' lang='lat' dir='ltr'><strong>Caeli</strong></span> <span class='ocrx_word' id='word_1_58' title='bbox 416 1210 481 1243; x_wconf 90' lang='lat' dir='ltr'><strong>frui</strong></span> <span class='ocrx_word' id='word_1_59' title='bbox 507 1212 612 1252; x_wconf 86' lang='lat' dir='ltr'><strong>gloria</strong></span> 
     </span>
    </p>
   </div>
   <div class='ocr_carea' id='block_1_8' title="bbox 864 343 1460 484">
    <p class='ocr_par' dir='ltr' id='par_1_8' title="bbox 864 343 1460 484">
     <span class='ocr_line' id='line_1_18' title="bbox 864 343 1460 382; baseline 0 -6"><span class='ocrx_word' id='word_1_60' title='bbox 864 343 922 378; x_wconf 88' lang='lat' dir='ltr'><strong>lb.</strong></span> <span class='ocrx_word' id='word_1_61' title='bbox 950 344 1096 378; x_wconf 87' lang='lat' dir='ltr'>Absolve</span> <span class='ocrx_word' id='word_1_62' title='bbox 1122 355 1222 379; x_wconf 85' lang='lat' dir='ltr'><strong>nexus</strong></span> <span class='ocrx_word' id='word_1_63' title='bbox 1249 345 1419 378; x_wconf 89' lang='lat' dir='ltr'><strong>criminum</strong></span> <span class='ocrx_word' id='word_1_64' title='bbox 1457 376 1460 382; x_wconf 74' lang='grc'><strong>,</strong></span> 
     </span>
     <span class='ocr_line' id='line_1_19' title="bbox 958 393 1408 434; baseline 0.002 -9"><span class='ocrx_word' id='word_1_65' title='bbox 958 393 1101 426; x_wconf 89' lang='lat' dir='ltr'><strong>Tuorum</strong></span> <span class='ocrx_word' id='word_1_66' title='bbox 1130 396 1161 427; x_wconf 93' lang='lat' dir='ltr'><strong>vi</strong></span> <span class='ocrx_word' id='word_1_67' title='bbox 1187 394 1408 434; x_wconf 82' lang='lat' dir='ltr'><strong>precaminum</strong></span> 
     </span>
     <span class='ocr_line' id='line_1_20' title="bbox 1007 442 1393 484; baseline 0.003 -10"><span class='ocrx_word' id='word_1_68' title='bbox 1007 442 1218 475; x_wconf 87' lang='lat' dir='ltr'><strong>Procurando</strong></span> <span class='ocrx_word' id='word_1_69' title='bbox 1245 443 1393 484; x_wconf 85' lang='lat' dir='ltr'><strong>gratiam.</strong></span> 
     </span>
    </p>
   </div>
   <div class='ocr_carea' id='block_1_9' title="bbox 860 535 1406 676">
    <p class='ocr_par' dir='ltr' id='par_1_9' title="bbox 860 535 1406 676">
     <span class='ocr_line' id='line_1_21' title="bbox 860 535 1358 581; baseline 0.002 -11"><span class='ocrx_word' id='word_1_70' title='bbox 860 535 927 572; x_wconf 87' lang='lat' dir='ltr'><strong>2b.</strong></span> <span class='ocrx_word' id='word_1_71' title='bbox 958 538 1052 570; x_wconf 88' lang='lat' dir='ltr'><strong>Recti</strong></span> <span class='ocrx_word' id='word_1_72' title='bbox 1080 539 1141 581; x_wconf 87' lang='lat' dir='ltr'><strong>via,</strong></span> <span class='ocrx_word' id='word_1_73' title='bbox 1170 539 1358 579; x_wconf 84' lang='lat' dir='ltr'><strong>vespertina</strong></span> 
     </span>
     <span class='ocr_line' id='line_1_22' title="bbox 958 586 1401 626; baseline 0.002 -8"><span class='ocrx_word' id='word_1_74' title='bbox 958 586 1071 626; x_wconf 75' lang='lat' dir='ltr'><strong>Stella,</strong></span> <span class='ocrx_word' id='word_1_75' title='bbox 1099 590 1172 619; x_wconf 85' lang='lat' dir='ltr'><strong>tuos</strong></span> <span class='ocrx_word' id='word_1_76' title='bbox 1199 592 1288 619; x_wconf 88' lang='lat' dir='ltr'><strong>recte</strong></span> <span class='ocrx_word' id='word_1_77' title='bbox 1314 589 1401 619; x_wconf 87' lang='lat' dir='ltr'><strong>mina</strong></span> 
     </span>
     <span class='ocr_line' id='line_1_23' title="bbox 1007 634 1406 676; baseline 0.003 -10"><span class='ocrx_word' id='word_1_78' title='bbox 1007 634 1111 667; x_wconf 88' lang='lat' dir='ltr'><strong>Saecli</strong></span> <span class='ocrx_word' id='word_1_79' title='bbox 1137 645 1198 675; x_wconf 89' lang='lat' dir='ltr'><strong>per</strong></span> <span class='ocrx_word' id='word_1_80' title='bbox 1224 636 1406 676; x_wconf 82' lang='lat' dir='ltr'><strong>opaculum.</strong></span> 
     </span>
    </p>
   </div>
   <div class='ocr_carea' id='block_1_10' title="bbox 862 729 1455 869">
    <p class='ocr_par' dir='ltr' id='par_1_10' title="bbox 862 729 1455 869">
     <span class='ocr_line' id='line_1_24' title="bbox 862 729 1364 764; baseline 0 0"><span class='ocrx_word' id='word_1_81' title='bbox 862 729 925 764; x_wconf 91' lang='lat' dir='ltr'><strong>3b.</strong></span> <span class='ocrx_word' id='word_1_82' title='bbox 957 730 1131 764; x_wconf 87' lang='lat' dir='ltr'><strong>Conservis</strong></span> <span class='ocrx_word' id='word_1_83' title='bbox 1158 732 1220 763; x_wconf 82' lang='lat' dir='ltr'><strong>tuis</strong></span> <span class='ocrx_word' id='word_1_84' title='bbox 1247 732 1364 764; x_wconf 82' lang='lat' dir='ltr'>assiste</span> 
     </span>
     <span class='ocr_line' id='line_1_25' title="bbox 955 778 1403 820; baseline 0.004 -10"><span class='ocrx_word' id='word_1_85' title='bbox 955 778 1080 812; x_wconf 85' lang='lat' dir='ltr'><strong>Horum</strong></span> <span class='ocrx_word' id='word_1_86' title='bbox 1107 781 1273 820; x_wconf 84' lang='lat' dir='ltr'><strong>vexisque.</strong></span> <span class='ocrx_word' id='word_1_87' title='bbox 1287 781 1403 813; x_wconf 86' lang='lat' dir='ltr'><strong>resiste</strong></span> 
     </span>
     <span class='ocr_line' id='line_1_26' title="bbox 1007 829 1455 869; baseline 0.002 -9"><span class='ocrx_word' id='word_1_88' title='bbox 1007 829 1143 860; x_wconf 85' lang='lat' dir='ltr'><strong>Precum</strong></span> <span class='ocrx_word' id='word_1_89' title='bbox 1170 838 1229 869; x_wconf 90' lang='lat' dir='ltr'><strong>per</strong></span> <span class='ocrx_word' id='word_1_90' title='bbox 1255 829 1455 862; x_wconf 77' lang='lat' dir='ltr'><strong>instantiam.</strong></span> 
     </span>
    </p>
   </div>
   <div class='ocr_carea' id='block_1_11' title="bbox 859 923 1495 1064">
    <p class='ocr_par' dir='ltr' id='par_1_11' title="bbox 859 923 1495 1064">
     <span class='ocr_line' id='line_1_27' title="bbox 859 923 1495 969; baseline 0.002 -12"><span class='ocrx_word' id='word_1_91' title='bbox 859 926 880 957; x_wconf 91' lang='lat'>4</span> <span class='ocrx_word' id='word_1_92' title='bbox 891 923 924 958; x_wconf 91' lang='lat' dir='ltr'><strong>b.</strong></span> <span class='ocrx_word' id='word_1_93' title='bbox 957 924 1053 957; x_wconf 84' lang='lat' dir='ltr'><strong>Hunc</strong></span> <span class='ocrx_word' id='word_1_94' title='bbox 1062 935 1229 965; x_wconf 78' lang='lat' dir='ltr'><strong>conserva,</strong></span> <span class='ocrx_word' id='word_1_95' title='bbox 1246 927 1346 969; x_wconf 74' lang='lat' dir='ltr'><strong>virgo,</strong></span> <span class='ocrx_word' id='word_1_96' title='bbox 1363 926 1495 958; x_wconf 87' lang='lat' dir='ltr'><strong>chorum</strong></span> 
     </span>
     <span class='ocr_line' id='line_1_28' title="bbox 955 973 1417 1015; baseline 0.002 -9"><span class='ocrx_word' id='word_1_97' title='bbox 955 973 1007 1006; x_wconf 85' lang='lat' dir='ltr'><strong>Ab</strong></span> <span class='ocrx_word' id='word_1_98' title='bbox 1033 974 1175 1014; x_wconf 85' lang='lat' dir='ltr'><strong>impulsu</strong></span> <span class='ocrx_word' id='word_1_99' title='bbox 1202 975 1417 1015; x_wconf 83' lang='lat' dir='ltr'><strong>malignorum</strong></span> 
     </span>
     <span class='ocr_line' id='line_1_29' title="bbox 1004 1021 1330 1064; baseline 0.003 -11"><span class='ocrx_word' id='word_1_100' title='bbox 1004 1021 1148 1062; x_wconf 84' lang='lat' dir='ltr'><strong>Diraque</strong></span> <span class='ocrx_word' id='word_1_101' title='bbox 1176 1023 1330 1064; x_wconf 80' lang='lat' dir='ltr'><strong>versutia,</strong></span> 
     </span>
    </p>
   </div>
   <div class='ocr_carea' id='block_1_12' title="bbox 856 1116 1421 1248">
    <p class='ocr_par' dir='ltr' id='par_1_12' title="bbox 856 1116 1421 1248">
     <span class='ocr_line' id='line_1_30' title="bbox 856 1116 1421 1150; baseline 0 0"><span class='ocrx_word' id='word_1_102' title='bbox 856 1116 918 1150; x_wconf 92' lang='lat' dir='ltr'><strong>5b.</strong></span> <span class='ocrx_word' id='word_1_103' title='bbox 951 1118 1137 1150; x_wconf 84' lang='lat' dir='ltr'><strong>Mereamur</strong></span> <span class='ocrx_word' id='word_1_104' title='bbox 1163 1127 1233 1150; x_wconf 87' lang='lat' dir='ltr'><strong>cum</strong></span> <span class='ocrx_word' id='word_1_105' title='bbox 1262 1119 1364 1150; x_wconf 83' lang='lat' dir='ltr'><strong>beatis</strong></span> <span class='ocrx_word' id='word_1_106' title='bbox 1418 1116 1421 1119; x_wconf 67' lang='grc'>’</span> 
     </span>
     <span class='ocr_line' id='line_1_31' title="bbox 954 1166 1282 1198; baseline 0.003 -1"><span class='ocrx_word' id='word_1_107' title='bbox 954 1166 991 1197; x_wconf 87' lang='lat' dir='ltr'><strong>In</strong></span> <span class='ocrx_word' id='word_1_108' title='bbox 1017 1167 1099 1198; x_wconf 86' lang='lat' dir='ltr'><strong>solio</strong></span> <span class='ocrx_word' id='word_1_109' title='bbox 1124 1166 1282 1198; x_wconf 79' lang='lat' dir='ltr'><strong>trinitatis</strong></span> 
     </span>
     <span class='ocr_line' id='line_1_32' title="bbox 1006 1213 1379 1248; baseline 0.005 -3"><span class='ocrx_word' id='word_1_110' title='bbox 1006 1213 1086 1246; x_wconf 87' lang='lat' dir='ltr'><strong>Cum</strong></span> <span class='ocrx_word' id='word_1_111' title='bbox 1114 1218 1225 1246; x_wconf 83' lang='lat' dir='ltr'><strong>sancta</strong></span> <span class='ocrx_word' id='word_1_112' title='bbox 1254 1215 1379 1248; x_wconf 88' lang='lat' dir='ltr'><strong>militia.</strong></span> 
     </span>
    </p>
   </div>
   <div class='ocr_carea' id='block_1_13' title="bbox 227 1300 1495 1341">
    <p class='ocr_par' dir='ltr' id='par_1_13' title="bbox 227 1300 1495 1341">
     <span class='ocr_line' id='line_1_33' title="bbox 227 1300 1495 1341; baseline 0.003 -12"><span class='ocrx_word' id='word_1_113' title='bbox 227 1301 365 1330; x_wconf 85' lang='lat' dir='ltr'><strong>Officium</strong></span> <span class='ocrx_word' id='word_1_114' title='bbox 394 1303 503 1338; x_wconf 81' lang='lat' dir='ltr'><strong>triplex</strong></span> <span class='ocrx_word' id='word_1_115' title='bbox 524 1303 680 1331; x_wconf 86' lang='lat' dir='ltr'><strong>Gertrudis</strong></span> <span class='ocrx_word' id='word_1_116' title='bbox 708 1303 796 1332; x_wconf 81' lang='lat' dir='ltr'><strong>divae</strong></span> <span class='ocrx_word' id='word_1_117' title='bbox 817 1305 947 1341; x_wconf 82' lang='lat' dir='ltr'><strong>virginis</strong></span> <span class='ocrx_word' id='word_1_118' title='bbox 969 1306 1039 1340; x_wconf 88' lang='lat' dir='ltr'><strong>imp.</strong></span> <span class='ocrx_word' id='word_1_119' title='bbox 1063 1305 1208 1333; x_wconf 81' lang='lat' dir='ltr'><strong>Coloniae</strong></span> <span class='ocrx_word' id='word_1_120' title='bbox 1233 1304 1317 1333; x_wconf 70' lang='lat'>1513.</span> <span class='ocrx_word' id='word_1_121' title='bbox 1340 1321 1377 1325; x_wconf 91' lang='lat'><strong>—</strong></span> <span class='ocrx_word' id='word_1_122' title='bbox 1402 1300 1495 1333; x_wconf 78' lang='lat' dir='ltr'><strong>Uber-</strong></span> 
     </span>
    </p>
   </div>
   <div class='ocr_carea' id='block_1_14' title="bbox 151 1341 589 1377">
    <p class='ocr_par' dir='ltr' id='par_1_14' title="bbox 151 1341 589 1377">
     <span class='ocr_line' id='line_1_34' title="bbox 151 1341 589 1377; baseline 0 -8"><span class='ocrx_word' id='word_1_123' title='bbox 151 1341 269 1369; x_wconf 81' lang='lat' dir='ltr'><strong>schrift:</strong></span> <span class='ocrx_word' id='word_1_124' title='bbox 294 1341 382 1377; x_wconf 79' lang='lat' dir='ltr'><strong>„Alia</strong></span> <span class='ocrx_word' id='word_1_125' title='bbox 403 1342 589 1377; x_wconf 82' lang='lat' dir='ltr'><strong>sequentia.“</strong></span> 
     </span>
    </p>
   </div>
   <div class='ocr_carea' id='block_1_15' title="bbox 526 1417 1109 1459">
    <p class='ocr_par' dir='ltr' id='par_1_15' title="bbox 526 1417 1109 1459">
     <span class='ocr_line' id='line_1_35' title="bbox 526 1417 1109 1459; baseline 0.005 -12"><span class='ocrx_word' id='word_1_126' title='bbox 526 1417 593 1448; x_wconf 84' lang='lat'><strong>233.</strong></span> <span class='ocrx_word' id='word_1_127' title='bbox 635 1417 678 1449; x_wconf 86' lang='lat' dir='ltr'><strong>De</strong></span> <span class='ocrx_word' id='word_1_128' title='bbox 700 1426 724 1448; x_wconf 90' lang='lat' dir='ltr'><strong>s.</strong></span> <span class='ocrx_word' id='word_1_129' title='bbox 747 1418 902 1458; x_wconf 76' lang='lat' dir='ltr'><strong>Gregorio</strong></span> <span class='ocrx_word' id='word_1_130' title='bbox 925 1418 1109 1459; x_wconf 84' lang='lat' dir='ltr'><strong>Spoletano.</strong></span> 
     </span>
    </p>
   </div>
   <div class='ocr_carea' id='block_1_16' title="bbox 150 1498 651 1638">
    <p class='ocr_par' dir='ltr' id='par_1_16' title="bbox 150 1498 651 1638">
     <span class='ocr_line' id='line_1_36' title="bbox 150 1498 553 1539; baseline -0.002 -8"><span class='ocrx_word' id='word_1_131' title='bbox 150 1499 212 1531; x_wconf 87' lang='lat' dir='ltr'><strong>la.</strong></span> <span class='ocrx_word' id='word_1_132' title='bbox 246 1498 344 1531; x_wconf 88' lang='lat' dir='ltr'><strong>Iustis</strong></span> <span class='ocrx_word' id='word_1_133' title='bbox 370 1508 405 1530; x_wconf 90' lang='lat' dir='ltr'><strong>se</strong></span> <span class='ocrx_word' id='word_1_134' title='bbox 432 1498 553 1539; x_wconf 85' lang='lat' dir='ltr'><strong>vigiliis</strong></span> 
     </span>
     <span class='ocr_line' id='line_1_37' title="bbox 245 1547 626 1580; baseline -0.003 -1"><span class='ocrx_word' id='word_1_135' title='bbox 245 1548 344 1580; x_wconf 86' lang='lat' dir='ltr'><strong>Mane</strong></span> <span class='ocrx_word' id='word_1_136' title='bbox 372 1548 453 1580; x_wconf 82' lang='lat' dir='ltr'><strong>dans</strong></span> <span class='ocrx_word' id='word_1_137' title='bbox 481 1547 626 1580; x_wconf 89' lang='lat' dir='ltr'><strong>consiliis</strong></span> 
     </span>
     <span class='ocr_line' id='line_1_38' title="bbox 300 1595 651 1638; baseline -0.003 -10"><span class='ocrx_word' id='word_1_138' title='bbox 300 1595 430 1628; x_wconf 88' lang='lat' dir='ltr'><strong>Divinis</strong></span> <span class='ocrx_word' id='word_1_139' title='bbox 456 1596 651 1638; x_wconf 85' lang='lat' dir='ltr'><strong>acquiescet,</strong></span> 
     </span>
    </p>
   </div>
   <div class='ocr_carea' id='block_1_17' title="bbox 148 1693 661 1834">
    <p class='ocr_par' dir='ltr' id='par_1_17' title="bbox 148 1693 661 1834">
     <span class='ocr_line' id='line_1_39' title="bbox 148 1693 642 1734; baseline -0.002 -7"><span class='ocrx_word' id='word_1_140' title='bbox 148 1695 211 1727; x_wconf 88' lang='lat' dir='ltr'><strong>2a.</strong></span> <span class='ocrx_word' id='word_1_141' title='bbox 242 1694 350 1726; x_wconf 76' lang='lat' dir='ltr'><strong>Iustus</strong></span> <span class='ocrx_word' id='word_1_142' title='bbox 377 1696 427 1725; x_wconf 87' lang='lat' dir='ltr'><strong>est</strong></span> <span class='ocrx_word' id='word_1_143' title='bbox 453 1693 642 1734; x_wconf 86' lang='lat' dir='ltr'><strong>Gregorius,</strong></span> 
     </span>
     <span class='ocr_line' id='line_1_40' title="bbox 246 1742 638 1785; baseline 0.003 -11"><span class='ocrx_word' id='word_1_144' title='bbox 246 1743 345 1783; x_wconf 91' lang='lat' dir='ltr'><strong>Apud</strong></span> <span class='ocrx_word' id='word_1_145' title='bbox 374 1742 479 1774; x_wconf 87' lang='lat' dir='ltr'><strong>Deum</strong></span> <span class='ocrx_word' id='word_1_146' title='bbox 506 1742 638 1785; x_wconf 80' lang='lat' dir='ltr'><strong>gloriuS,</strong></span> 
     </span>
     <span class='ocr_line' id='line_1_41' title="bbox 294 1791 661 1834; baseline 0 -11"><span class='ocrx_word' id='word_1_147' title='bbox 294 1791 354 1830; x_wconf 86' lang='lat' dir='ltr'><strong>Qui</strong></span> <span class='ocrx_word' id='word_1_148' title='bbox 382 1800 476 1823; x_wconf 87' lang='lat' dir='ltr'><strong>mane</strong></span> <span class='ocrx_word' id='word_1_149' title='bbox 504 1791 661 1834; x_wconf 80' lang='lat' dir='ltr'><strong>vigilavit,</strong></span> 
     </span>
    </p>
   </div>
   <div class='ocr_carea' id='block_1_18' title="bbox 145 1888 645 2029">
    <p class='ocr_par' dir='ltr' id='par_1_18' title="bbox 145 1888 645 2029">
     <span class='ocr_line' id='line_1_42' title="bbox 145 1888 632 1931; baseline -0.004 -8"><span class='ocrx_word' id='word_1_150' title='bbox 145 1890 206 1923; x_wconf 86' lang='lat' dir='ltr'><strong>3a.</strong></span> <span class='ocrx_word' id='word_1_151' title='bbox 239 1888 391 1922; x_wconf 80' lang='lat' dir='ltr'><strong>Formam</strong></span> <span class='ocrx_word' id='word_1_152' title='bbox 417 1889 632 1931; x_wconf 83' lang='lat' dir='ltr'><strong>innocentiae,</strong></span> 
     </span>
     <span class='ocr_line' id='line_1_43' title="bbox 244 1938 565 1980; baseline 0.003 -11"><span class='ocrx_word' id='word_1_153' title='bbox 244 1938 349 1970; x_wconf 85' lang='lat' dir='ltr'><strong>Verae</strong></span> <span class='ocrx_word' id='word_1_154' title='bbox 375 1938 565 1980; x_wconf 84' lang='lat' dir='ltr'><strong>patientiae,</strong></span> 
     </span>
     <span class='ocr_line' id='line_1_44' title="bbox 291 1987 645 2029; baseline 0 -9"><span class='ocrx_word' id='word_1_155' title='bbox 291 1987 448 2020; x_wconf 86' lang='lat' dir='ltr'><strong>Messiam</strong></span> <span class='ocrx_word' id='word_1_156' title='bbox 475 1987 645 2029; x_wconf 89' lang='lat' dir='ltr'><strong>imitando,</strong></span> 
     </span>
    </p>
   </div>
   <div class='ocr_carea' id='block_1_19' title="bbox 147 2084 651 2223">
    <p class='ocr_par' dir='ltr' id='par_1_19' title="bbox 147 2084 651 2223">
     <span class='ocr_line' id='line_1_45' title="bbox 147 2084 620 2125; baseline -0.006 -6"><span class='ocrx_word' id='word_1_157' title='bbox 147 2087 208 2120; x_wconf 86' lang='lat' dir='ltr'><strong>4a.</strong></span> <span class='ocrx_word' id='word_1_158' title='bbox 243 2084 328 2118; x_wconf 91' lang='lat' dir='ltr'><strong>Nam</strong></span> <span class='ocrx_word' id='word_1_159' title='bbox 354 2085 620 2125; x_wconf 88' lang='lat' dir='ltr'><strong>responsionibus</strong></span> 
     </span>
     <span class='ocr_line' id='line_1_46' title="bbox 240 2133 578 2174; baseline -0.003 -7"><span class='ocrx_word' id='word_1_160' title='bbox 240 2134 285 2167; x_wconf 90' lang='lat' dir='ltr'><strong>Et</strong></span> <span class='ocrx_word' id='word_1_161' title='bbox 310 2133 344 2166; x_wconf 91' lang='lat' dir='ltr'><strong>in</strong></span> <span class='ocrx_word' id='word_1_162' title='bbox 362 2133 578 2174; x_wconf 62' lang='lat' dir='ltr'><strong>&gt;passionibus</strong></span> 
     </span>
     <span class='ocr_line' id='line_1_47' title="bbox 290 2182 651 2223; baseline -0.003 -7"><span class='ocrx_word' id='word_1_163' title='bbox 290 2182 446 2216; x_wconf 86' lang='lat' dir='ltr'><strong>Tortores</strong></span> <span class='ocrx_word' id='word_1_164' title='bbox 473 2183 651 2223; x_wconf 85' lang='lat' dir='ltr'><strong>superavit.</strong></span> 
     </span>
    </p>
   </div>
   <div class='ocr_carea' id='block_1_20' title="bbox 142 2280 783 2414">
    <p class='ocr_par' dir='ltr' id='par_1_20' title="bbox 142 2280 783 2414">
     <span class='ocr_line' id='line_1_48' title="bbox 142 2280 783 2323; baseline 0 -9"><span class='ocrx_word' id='word_1_165' title='bbox 142 2283 202 2317; x_wconf 85' lang='lat' dir='ltr'><strong>5a.</strong></span> <span class='ocrx_word' id='word_1_166' title='bbox 236 2281 320 2322; x_wconf 86' lang='lat' dir='ltr'><strong>Quid</strong></span> <span class='ocrx_word' id='word_1_167' title='bbox 348 2280 446 2322; x_wconf 75' lang='lat' dir='ltr'><strong>plus?</strong></span> <span class='ocrx_word' id='word_1_168' title='bbox 499 2281 620 2322; x_wconf 84' lang='lat' dir='ltr'><strong>Ignem,</strong></span> <span class='ocrx_word' id='word_1_169' title='bbox 650 2281 783 2323; x_wconf 82' lang='lat' dir='ltr'><strong>bestias,</strong></span> 
     </span>
     <span class='ocr_line' id='line_1_49' title="bbox 238 2331 612 2364; baseline -0.003 0"><span class='ocrx_word' id='word_1_170' title='bbox 238 2331 418 2364; x_wconf 87' lang='lat' dir='ltr'><strong>Poenarum</strong></span> <span class='ocrx_word' id='word_1_171' title='bbox 446 2331 612 2364; x_wconf 86' lang='lat' dir='ltr'><strong>molestias</strong></span> 
     </span>
     <span class='ocr_line' id='line_1_50' title="bbox 289 2379 611 2414; baseline 0.003 -1"><span class='ocrx_word' id='word_1_172' title='bbox 289 2380 431 2413; x_wconf 89' lang='lat' dir='ltr'><strong>Pertulit</strong></span> <span class='ocrx_word' id='word_1_173' title='bbox 460 2379 611 2414; x_wconf 85' lang='lat' dir='ltr'><strong>viriliter.</strong></span> 
     </span>
    </p>
   </div>
   <div class='ocr_carea' id='block_1_21' title="bbox 856 1499 1420 1640">
    <p class='ocr_par' dir='ltr' id='par_1_21' title="bbox 856 1499 1420 1640">
     <span class='ocr_line' id='line_1_51' title="bbox 856 1499 1212 1534; baseline 0 -2"><span class='ocrx_word' id='word_1_174' title='bbox 856 1499 917 1533; x_wconf 90' lang='lat' dir='ltr'><strong>1b.</strong></span> <span class='ocrx_word' id='word_1_175' title='bbox 950 1501 1108 1534; x_wconf 87' lang='lat' dir='ltr'><strong>Castitate</strong></span> <span class='ocrx_word' id='word_1_176' title='bbox 1135 1501 1212 1533; x_wconf 85' lang='lat' dir='ltr'><strong>liliis</strong></span> 
     </span>
     <span class='ocr_line' id='line_1_52' title="bbox 951 1549 1278 1591; baseline -0.003 -9"><span class='ocrx_word' id='word_1_177' title='bbox 951 1551 1026 1589; x_wconf 86' lang='lat' dir='ltr'><strong>Par,</strong></span> <span class='ocrx_word' id='word_1_178' title='bbox 1054 1559 1163 1581; x_wconf 86' lang='lat' dir='ltr'><strong>amore</strong></span> <span class='ocrx_word' id='word_1_179' title='bbox 1189 1549 1278 1591; x_wconf 77' lang='lat' dir='ltr'><strong>filiis,</strong></span> 
     </span>
     <span class='ocr_line' id='line_1_53' title="bbox 1000 1597 1420 1640; baseline 0.002 -10"><span class='ocrx_word' id='word_1_180' title='bbox 1000 1597 1078 1630; x_wconf 92' lang='lat' dir='ltr'><strong>Cum</strong></span> <span class='ocrx_word' id='word_1_181' title='bbox 1106 1602 1201 1640; x_wconf 86' lang='lat' dir='ltr'><strong>patre</strong></span> <span class='ocrx_word' id='word_1_182' title='bbox 1228 1599 1420 1640; x_wconf 87' lang='lat' dir='ltr'><strong>requiescet.</strong></span> 
     </span>
    </p>
   </div>
   <div class='ocr_carea' id='block_1_22' title="bbox 852 1695 1404 1835">
    <p class='ocr_par' dir='ltr' id='par_1_22' title="bbox 852 1695 1404 1835">
     <span class='ocr_line' id='line_1_54' title="bbox 852 1695 1404 1737; baseline 0.002 -9"><span class='ocrx_word' id='word_1_183' title='bbox 852 1696 915 1728; x_wconf 88' lang='lat' dir='ltr'><strong>2b.</strong></span> <span class='ocrx_word' id='word_1_184' title='bbox 949 1695 1028 1728; x_wconf 87' lang='lat' dir='ltr'><strong>Cum</strong></span> <span class='ocrx_word' id='word_1_185' title='bbox 1056 1696 1089 1728; x_wconf 93' lang='lat' dir='ltr'><strong>in</strong></span> <span class='ocrx_word' id='word_1_186' title='bbox 1117 1700 1228 1728; x_wconf 87' lang='lat' dir='ltr'><strong>sancto</strong></span> <span class='ocrx_word' id='word_1_187' title='bbox 1255 1701 1404 1737; x_wconf 87' lang='lat' dir='ltr'><strong>tempore</strong></span> 
     </span>
     <span class='ocr_line' id='line_1_55' title="bbox 947 1744 1332 1785; baseline 0 -8"><span class='ocrx_word' id='word_1_188' title='bbox 947 1744 989 1777; x_wconf 89' lang='lat' dir='ltr'><strong>Se</strong></span> <span class='ocrx_word' id='word_1_189' title='bbox 1016 1753 1170 1776; x_wconf 84' lang='lat' dir='ltr'><strong>exercens</strong></span> <span class='ocrx_word' id='word_1_190' title='bbox 1192 1754 1332 1785; x_wconf 88' lang='lat' dir='ltr'><strong>propere</strong></span> 
     </span>
     <span class='ocr_line' id='line_1_56' title="bbox 996 1793 1398 1835; baseline -0.002 -9"><span class='ocrx_word' id='word_1_191' title='bbox 996 1793 1179 1826; x_wconf 85' lang='lat' dir='ltr'><strong>Perfectam</strong></span> <span class='ocrx_word' id='word_1_192' title='bbox 1208 1794 1398 1835; x_wconf 89' lang='lat' dir='ltr'><strong>compilavit</strong></span> 
     </span>
    </p>
   </div>
   <div class='ocr_carea' id='block_1_23' title="bbox 850 1891 1375 2024">
    <p class='ocr_par' dir='ltr' id='par_1_23' title="bbox 850 1891 1375 2024">
     <span class='ocr_line' id='line_1_57' title="bbox 850 1891 1268 1924; baseline 0 0"><span class='ocrx_word' id='word_1_193' title='bbox 850 1891 912 1924; x_wconf 89' lang='lat' dir='ltr'><strong>3b.</strong></span> <span class='ocrx_word' id='word_1_194' title='bbox 945 1891 1026 1924; x_wconf 88' lang='lat' dir='ltr'><strong>Eius</strong></span> <span class='ocrx_word' id='word_1_195' title='bbox 1054 1892 1268 1924; x_wconf 83' lang='lat' dir='ltr'><strong>excellentiae</strong></span> 
     </span>
     <span class='ocr_line' id='line_1_58' title="bbox 946 1941 1324 1981; baseline 0.003 -9"><span class='ocrx_word' id='word_1_196' title='bbox 946 1941 1010 1973; x_wconf 91' lang='lat' dir='ltr'><strong>Pro</strong></span> <span class='ocrx_word' id='word_1_197' title='bbox 1035 1941 1131 1973; x_wconf 88' lang='lat' dir='ltr'><strong>modo</strong></span> <span class='ocrx_word' id='word_1_198' title='bbox 1158 1942 1324 1981; x_wconf 78' lang='lat' dir='ltr'><strong>potentiae</strong></span> 
     </span>
     <span class='ocr_line' id='line_1_59' title="bbox 995 1989 1375 2024; baseline 0.008 -3"><span class='ocrx_word' id='word_1_199' title='bbox 995 1990 1036 2022; x_wconf 81' lang='lat' dir='ltr'><strong>Se</strong></span> <span class='ocrx_word' id='word_1_200' title='bbox 1063 1994 1165 2022; x_wconf 80' lang='lat' dir='ltr'><strong>totum</strong></span> <span class='ocrx_word' id='word_1_201' title='bbox 1192 1989 1375 2024; x_wconf 88' lang='lat' dir='ltr'><strong>limitando.</strong></span> 
     </span>
    </p>
   </div>
   <div class='ocr_carea' id='block_1_24' title="bbox 851 2087 1369 2224">
    <p class='ocr_par' dir='ltr' id='par_1_24' title="bbox 851 2087 1369 2224">
     <span class='ocr_line' id='line_1_60' title="bbox 851 2087 1321 2120; baseline -0.006 0"><span class='ocrx_word' id='word_1_202' title='bbox 851 2087 918 2120; x_wconf 91' lang='lat' dir='ltr'><strong>4b.</strong></span> <span class='ocrx_word' id='word_1_203' title='bbox 951 2087 1101 2120; x_wconf 83' lang='lat' dir='ltr'><strong>Christus</strong></span> <span class='ocrx_word' id='word_1_204' title='bbox 1128 2097 1147 2118; x_wconf 90' lang='lat' dir='ltr'><strong>a</strong></span> <span class='ocrx_word' id='word_1_205' title='bbox 1174 2087 1321 2119; x_wconf 90' lang='lat' dir='ltr'><strong>leonibus</strong></span> 
     </span>
     <span class='ocr_line' id='line_1_61' title="bbox 946 2135 1369 2177; baseline -0.005 -7"><span class='ocrx_word' id='word_1_206' title='bbox 946 2137 1082 2177; x_wconf 86' lang='lat' dir='ltr'><strong>Corpus,</strong></span> <span class='ocrx_word' id='word_1_207' title='bbox 1110 2145 1129 2167; x_wconf 90' lang='lat' dir='ltr'><strong>a</strong></span> <span class='ocrx_word' id='word_1_208' title='bbox 1158 2135 1369 2168; x_wconf 89' lang='lat' dir='ltr'><strong>daemonibus</strong></span> 
     </span>
     <span class='ocr_line' id='line_1_62' title="bbox 995 2184 1345 2224; baseline 0 -7"><span class='ocrx_word' id='word_1_209' title='bbox 995 2184 1153 2224; x_wconf 87' lang='lat' dir='ltr'><strong>Spiritum</strong></span> <span class='ocrx_word' id='word_1_210' title='bbox 1180 2184 1345 2217; x_wconf 90' lang='lat' dir='ltr'><strong>liberavit.</strong></span> 
     </span>
    </p>
   </div>
   <div class='ocr_carea' id='block_1_25' title="bbox 848 2282 1356 2421">
    <p class='ocr_par' dir='ltr' id='par_1_25' title="bbox 848 2282 1356 2421">
     <span class='ocr_line' id='line_1_63' title="bbox 848 2282 1356 2324; baseline -0.002 -8"><span class='ocrx_word' id='word_1_211' title='bbox 848 2283 911 2317; x_wconf 86' lang='lat' dir='ltr'><strong>5b.</strong></span> <span class='ocrx_word' id='word_1_212' title='bbox 943 2283 1029 2314; x_wconf 86' lang='lat' dir='ltr'><strong>Hinc</strong></span> <span class='ocrx_word' id='word_1_213' title='bbox 1057 2282 1142 2314; x_wconf 89' lang='lat' dir='ltr'><strong>dites</strong></span> <span class='ocrx_word' id='word_1_214' title='bbox 1167 2286 1197 2313; x_wconf 85' lang='lat' dir='ltr'><strong>et</strong></span> <span class='ocrx_word' id='word_1_215' title='bbox 1225 2285 1356 2324; x_wconf 86' lang='lat' dir='ltr'><strong>egentes</strong></span> 
     </span>
     <span class='ocr_line' id='line_1_64' title="bbox 944 2331 1349 2371; baseline 0 -8"><span class='ocrx_word' id='word_1_216' title='bbox 944 2331 1048 2363; x_wconf 89' lang='lat' dir='ltr'><strong>Deum</strong></span> <span class='ocrx_word' id='word_1_217' title='bbox 1076 2331 1210 2363; x_wconf 83' lang='lat' dir='ltr'><strong>laudate</strong></span> <span class='ocrx_word' id='word_1_218' title='bbox 1237 2334 1349 2371; x_wconf 83' lang='lat' dir='ltr'><strong>gentes</strong></span> 
     </span>
     <span class='ocr_line' id='line_1_65' title="bbox 994 2379 1333 2421; baseline 0 -9"><span class='ocrx_word' id='word_1_219' title='bbox 994 2380 1129 2421; x_wconf 83' lang='lat' dir='ltr'><strong>Devote‚</strong></span> <span class='ocrx_word' id='word_1_220' title='bbox 1158 2379 1333 2412; x_wconf 87' lang='lat' dir='ltr'><strong>humiliter.</strong></span> 
     </span>
    </p>
   </div>
   <div class='ocr_carea' id='block_1_26' title="bbox 139 2469 1486 2548">
    <p class='ocr_par' dir='ltr' id='par_1_26' title="bbox 139 2469 1486 2548">
     <span class='ocr_line' id='line_1_66' title="bbox 218 2469 1486 2508; baseline 0.002 -9"><span class='ocrx_word' id='word_1_221' title='bbox 218 2469 312 2500; x_wconf 82' lang='lat' dir='ltr'><strong>Grad.</strong></span> <span class='ocrx_word' id='word_1_222' title='bbox 334 2481 387 2500; x_wconf 78' lang='lat' dir='ltr'><strong>ms.</strong></span> <span class='ocrx_word' id='word_1_223' title='bbox 410 2472 590 2500; x_wconf 86' lang='lat' dir='ltr'><strong>Coloniense</strong></span> <span class='ocrx_word' id='word_1_224' title='bbox 612 2481 690 2500; x_wconf 89' lang='lat' dir='ltr'><strong>saec.</strong></span> <span class='ocrx_word' id='word_1_225' title='bbox 714 2470 759 2500; x_wconf 83' lang='lat'><strong>16.</strong></span> <span class='ocrx_word' id='word_1_226' title='bbox 781 2473 822 2500; x_wconf 86' lang='lat' dir='ltr'><strong>in.</strong></span> <span class='ocrx_word' id='word_1_227' title='bbox 845 2471 916 2500; x_wconf 88' lang='lat' dir='ltr'><strong>Cod.</strong></span> <span class='ocrx_word' id='word_1_228' title='bbox 939 2472 1036 2507; x_wconf 89' lang='lat' dir='ltr'><strong>Capit.</strong></span> <span class='ocrx_word' id='word_1_229' title='bbox 1060 2471 1214 2500; x_wconf 81' lang='lat' dir='ltr'><strong>Colonien.</strong></span> <span class='ocrx_word' id='word_1_230' title='bbox 1238 2481 1260 2500; x_wconf 77' lang='lat' dir='ltr'><strong>s.</strong></span> <span class='ocrx_word' id='word_1_231' title='bbox 1284 2483 1311 2500; x_wconf 91' lang='lat' dir='ltr'><strong>n.</strong></span> <span class='ocrx_word' id='word_1_232' title='bbox 1335 2488 1371 2492; x_wconf 82' lang='lat'>—</span> <span class='ocrx_word' id='word_1_233' title='bbox 1393 2471 1447 2508; x_wconf 84' lang='lat' dir='ltr'><strong>5b,</strong></span> <span class='ocrx_word' id='word_1_234' title='bbox 1471 2472 1486 2502; x_wconf 93' lang='lat' dir='ltr'><strong>l</strong></span> 
     </span>
     <span class='ocr_line' id='line_1_67' title="bbox 139 2511 1041 2548; baseline -0.002 -8"><span class='ocrx_word' id='word_1_235' title='bbox 139 2513 240 2540; x_wconf 88' lang='lat' dir='ltr'><strong>Hunc.</strong></span> <span class='ocrx_word' id='word_1_236' title='bbox 262 2526 299 2530; x_wconf 98' lang='lat'><strong>—</strong></span> <span class='ocrx_word' id='word_1_237' title='bbox 320 2511 452 2540; x_wconf 86' lang='lat' dir='ltr'><strong>Melodie</strong></span> <span class='ocrx_word' id='word_1_238' title='bbox 474 2511 567 2540; x_wconf 89' lang='lat' dir='ltr'><strong>wohl:</strong></span> <span class='ocrx_word' id='word_1_239' title='bbox 590 2511 686 2539; x_wconf 83' lang='lat' dir='ltr'><strong>Veni</strong></span> <span class='ocrx_word' id='word_1_240' title='bbox 709 2514 843 2540; x_wconf 82' lang='lat' dir='ltr'><strong>sancte</strong></span> <span class='ocrx_word' id='word_1_241' title='bbox 865 2511 1041 2548; x_wconf 79' lang='lat' dir='ltr'><strong>spiritus.</strong></span> 
     </span>
    </p>
   </div>
  </div>
 </body>
</html>
