1654 2756
725 141 967 176 „33-

606 235 657 267 24.
689 234 729 267 ln
750 234 939 267 Ascensione
960 233 1092 266 Domini.

194 311 253 344 1a.
278 310 339 350 Qui
363 309 493 342 scandis
519 312 608 341 astra
891 306 951 340 lb.
978 307 1156 339 Accinctus
1183 306 1260 338 celsi

278 366 375 398 super
398 357 495 390 hodie
976 364 1056 388 zona
1082 355 1247 395 Abrahae,

191 433 250 464 2a.
278 430 325 463 Te
351 429 534 470 flagitamus
891 427 951 462 2b.
978 429 1029 460 Ae
1054 429 1267 469 deprecamur

281 479 396 510 devote
977 476 1108 517 obnixe,

195 554 253 585 3a.
278 550 419 583 Nostrae
443 559 550 592 cerne,
891 549 950 583 3b.
977 549 1076 591 Ecce,
1102 549 1213 582 inclite

278 609 296 631 o
321 603 415 639 pater
441 599 524 631 alme
977 603 1007 629 et
1031 599 1180 638 gloriose,

977 648 1124 678 catervae
1149 649 1226 678 tuae

281 694 402 728 famina
427 696 567 735 linguae.
978 703 1063 726 nunc
1086 694 1251 733 miserere,

191 770 252 801 4³.
281 767 503 807 Omniumque,
891 767 950 800 4b.
977 766 1134 798 Adestote

281 815 410 847 Christe
438 815 585 856 Domine,
980 823 1115 854 quoque,
1143 814 1280 846 virtutes

283 872 339 895 rex
366 864 429 903 pie,
983 863 1136 902 caelicae,

281 912 372 951 Quod
401 920 478 943 voce
505 914 536 943 te
562 911 712 953 petimus,
982 910 1134 943 Pelorum
1160 919 1307 951 quaeque
1333 908 1398 941 fide

281 961 373 999 larga
398 969 494 991 manu
981 958 1220 999 triumphantes

283 1008 400 1047 tribue,
425 1016 534 1049 parce,
983 1008 1064 1039 caeli
1093 1008 1124 1039 in
1156 1015 1244 1049 areo,

285 1066 487 1097 quaesumus,
515 1056 547 1088 in
574 1057 637 1087 ista
663 1055 726 1088 die.
981 1058 1159 1095 potestates
1184 1063 1328 1088 summae
1355 1063 1477 1093 omnes,

598 1133 628 1163 5.
658 1129 756 1162 Orate
783 1139 843 1171 pro
868 1129 973 1169 nobis,
1001 1130 1117 1161 Amen.

268 1202 428 1236 Antiphon.
456 1204 483 1228 et
505 1201 594 1228 Grad.
626 1210 680 1228 mS.
702 1202 885 1229 Nivemense
913 1210 989 1228 saec.
1014 1199 1057 1227 12.
1099 1200 1171 1228 Cod.
1192 1200 1320 1227 Parisin.
1342 1200 1439 1227 Nouv.
1461 1208 1527 1235 aeq.

192 1238 279 1274 1235;
312 1240 371 1267 bis:
398 1240 448 1267 fol.
477 1238 558 1267 1642
585 1240 624 1273 Α;
651 1254 689 1258 -
716 1240 765 1267 fol.
792 1237 872 1267 2181)
903 1241 935 1267 Β.
968 1254 1002 1258 -
1033 1239 1082 1271 la,
1108 1238 1120 1266 1
1151 1239 1268 1266 scandis
1296 1238 1400 1266 aethra
1426 1239 1459 1265 A.
1488 1253 1528 1256 —

192 1278 242 1311 lb,
259 1277 276 1305 2
297 1279 394 1305 Abrae
417 1279 450 1305 A.
473 1293 508 1297 --
530 1277 583 1311 3a,
602 1278 615 1306 1
638 1279 695 1305 Die
717 1282 792 1306 erste
815 1278 897 1307 Silbe
919 1288 978 1305 von
1002 1279 1122 1313 „cerne“
1145 1277 1198 1304 hat
1219 1276 1236 1305 2
1257 1278 1364 1309 Noten,
1385 1277 1525 1305 wodurch

189 1318 236 1345 die
264 1317 375 1353 vollige
402 1318 578 1352 Symmetrie
606 1319 637 1344 in
665 1316 716 1345 der
743 1317 871 1345 Melodie
901 1317 1033 1354 gewahrt
1058 1316 1213 1343 erscheint.
1236 1331 1273 1334 —
1294 1315 1312 1343 5
1334 1317 1427 1344 Amen
1453 1315 1529 1343 fehlt

189 1358 223 1384 B.
239 1370 274 1374 —-
290 1356 330 1382 A:
355 1357 464 1391 „Prosa
485 1365 537 1391 pro
559 1357 668 1391 hymno
694 1356 728 1383 ad
752 1355 1016 1391 Completorium“;
1040 1357 1080 1383 B:
1104 1355 1170 1387 „Ad
1185 1355 1332 1392 vesperos
1355 1354 1472 1390 prosa“.
1487 1369 1525 1373 -

192 1394 431 1422 Beachtenswert
451 1396 489 1421 ist
510 1394 561 1422 der
581 1395 708 1422 Auslaut
728 1395 780 1422 der
801 1394 946 1422 Klauseln
967 1394 1021 1421 auf
1038 1395 1094 1421 den
1115 1394 1252 1429 E-Laut‚
1283 1393 1423 1422 wiihrend
1444 1397 1530 1421 sonst

191 1434 243 1461 der
264 1433 381 1460 A-Laut
405 1434 515 1460 beliebt
536 1435 583 1460 ist.

660 1522 709 1553 25.
742 1522 775 1553 In
798 1521 847 1552 (lie
869 1523 1066 1553 Pentecoste.

723 1596 752 1629 1.
779 1594 851 1634 Eia,
879 1595 983 1627 clama

786 1640 968 1684 „Alleluia“

201 1720 262 1751 2³.
286 1717 336 1748 Ex
364 1716 473 1755 corde,
895 1714 955 1748 2b.
982 1714 1044 1746 Dio
1071 1715 1218 1748 Christo:

288 1770 399 1797 sancta
422 1763 554 1797 familia.
984 1762 1033 1794 Sit
1062 1763 1120 1795 tibi
1146 1763 1265 1807 gloria3

202 1841 262 1872 3³.
289 1837 396 1870 Hodie
422 1836 528 1868 fecisti
898 1835 959 1870 3b.
986 1835 1100 1868 Gratia
1129 1836 1297 1876 praecelsa

290 1885 382 1918 nobis
409 1885 527 1926 gaudia
987 1883 1085 1916 dante
1110 1884 1244 1925 spiritus

289 1933 489 1967 consolantia
984 1933 1088 1964 sancti
1114 1942 1258 1968 munera.

201 2010 263 2042 4a.
290 2007 411 2039 Factus
437 2016 533 2039 sonus
559 2007 656 2039 hodie
898 2004 957 2038 4b.
984 2004 1080 2037 Orbis
1106 2006 1205 2038 totius
1231 2007 1315 2039 datis

288 2056 382 2096 ignea
408 2059 590 2088 sanctorum
984 2053 1101 2095 linguis
1128 2055 1247 2088 mundo
1274 2054 1385 2089 fantur

287 2103 365 2136 fecit
391 2104 500 2138 corda.
985 2102 1125 2136 insolita.

203 2181 264 2212 5³.
290 2176 412 2210 Iudaea
439 2177 519 2209 dura
546 2176 653 2209 cordis
899 2174 957 2208 5b.
985 2176 1096 2208 Audet
1120 2176 1235 2209 Petrus
1262 2181 1294 2209 et
1318 2178 1458 2218 clamat·‚

289 2226 427 2266 perfidia
986 2232 1050 2256 non
1076 2228 1135 2264 est,
1162 2225 1278 2266 inquit,

287 2274 329 2306 ad
357 2275 435 2307 haec
462 2275 622 2307 exclamat
986 2273 1117 2306 vesania
1140 2273 1174 2304 in

288 2322 404 2356 rabida
430 2323 534 2355 facta:
985 2321 1090 2363 nobis⁷
1117 2321 1174 2354 sed
1201 2323 1306 2355 saneti

289 2372 372 2404 Vino
399 2375 473 2404 sunt
499 2372 591 2412 ebrii,
987 2370 1122 2409 spiritus
1148 2372 1255 2411 gratia

290 2429 368 2461 quos
394 2421 470 2453 talis
496 2422 598 2462 agitat
987 2418 1078 2461 haec,
1104 2428 1187 2461 quae
1212 2421 1346 2464 auditis,
1375 2423 1432 2456 dat

287 2467 383 2503 furia.
985 2467 1145 2503 miranda.
